
@article{acevedoDocumentoElectronicoDerecho2004,
  title = {El Documento Electrónico En El Derecho Civil Chileno: {{Análisis}} de La {{Ley}} 19.799},
  shorttitle = {El Documento Electrónico En El Derecho Civil Chileno},
  author = {Acevedo, Fernández and J, Fernando},
  date = {2004},
  journaltitle = {Ius et Praxis},
  volume = {10},
  number = {2},
  pages = {137--167},
  publisher = {{Universidad de Talca, Facultad de Ciencias Jurídicas y Sociales}},
  issn = {0718-0012},
  doi = {10.4067/S0718-00122004000200005},
  url = {http://www.scielo.cl/scielo.php?script=sci_abstract&pid=S0718-00122004000200005&lng=es&nrm=iso&tlng=es},
  urldate = {2022-09-13},
  keywords = {chili},
  file = {C\:\\Users\\cohum\\Zotero\\storage\\SRWW4M2U\\scielo.html}
}

@article{andradeLuchaPorTerritorio2019,
  title = {La lucha por el territorio mapuche en Chile: una cuestión de pobreza y medio ambiente},
  shorttitle = {La lucha por el territorio mapuche en Chile},
  author = {Andrade, María José},
  date = {2019-12-20},
  journaltitle = {L’Ordinaire des Amériques},
  number = {225},
  publisher = {{Université de Toulouse 2 - Le Mirail; Institut pluridisciplinaire pour les études sur les Amériques à Toulouse (IPEAT)}},
  issn = {0997-0584},
  doi = {10.4000/orda.5132},
  url = {https://journals.openedition.org/orda/5132},
  urldate = {2022-09-12},
  abstract = {El actual conflicto entre el Estado de Chile y el pueblo mapuche tiene como eje la disputa por territorios indígenas, cuya pérdida significó destinar a las comunidades originarias a la pobreza. Además, la propiedad de éstos en manos de empresas extractivas ha implicado graves daños ambientales. Dada la especial relación de los nativos con su territorio y su relación armónica con la naturaleza, la opinión que tienen sobre su administración es fundamental. Sin embargo, Chile no sólo ha fallado en el reconocimiento de los derechos territoriales de los mapuche, sino que tampoco garantiza su participación efectiva cuando estos espacios son afectados, como se observa en la legislación sobre consulta previa de los pueblos originarios. Desigualdades socioeconómicas y territoriales se entrelazan así, en las falencias del Estado en la protección de los derechos indígenas y también del medio ambiente.},
  issue = {225},
  langid = {spanish},
  keywords = {Chile,chili,mapuche,medio ambiente,pueblos indígenas,territorio}
}

@article{arrueMapuchesChiliQuestion2004,
  title = {Les Mapuches du Chili et la question de leur identité},
  author = {Arrué, Michèle},
  date = {2004-12-03},
  journaltitle = {Amérique Latine Histoire et Mémoire. Les Cahiers ALHIM. Les Cahiers ALHIM},
  number = {10},
  publisher = {{groupe de recherche Amérique Latine Histoire et Mémoire de l’Université Paris-VIII}},
  issn = {1777-5175},
  doi = {10.4000/alhim.123},
  url = {https://journals.openedition.org/alhim/123},
  urldate = {2022-07-01},
  abstract = {Penser l’identité des Mapuches, peuple autochtone du Chili, exige d’interroger les deux termes du binôme «identité indienne». J’analyserai, pour ce faire deux perspectives~: l’identité indienne pensée du point de l’Etat, et l’identité indienne pensée du point des Mapuches, m’attardant plus longuement sur la seconde qui part du discours indien que j’ai recueilli lors de terrains menés pendant près de vingt ans, à la campagne et à la ville. A - L’identité indienne pensée à partir de l’EtatConte...},
  issue = {10},
  langid = {french},
  keywords = {chili}
}

@article{barbutQuiSontTerroristes2012,
  title = {« Qui sont les terroristes ? » Lutte de classement autour de la radicalité mapuche},
  shorttitle = {« Qui sont les terroristes ?},
  author = {Barbut, Michael},
  date = {2012},
  journaltitle = {Lien social et Politiques},
  shortjournal = {lsp},
  number = {68},
  pages = {79--100},
  publisher = {{Lien social et Politiques}},
  issn = {1204-3206, 1703-9665},
  doi = {10.7202/1014806ar},
  url = {https://app01.prod.beluga.erudit.org:8000/en/journals/lsp/2012-n68-lsp0495/1014806ar/},
  urldate = {2022-08-08},
  abstract = {In southern Chile, since the 1990s and the beginnings of the “transition to democracy,” the country’s largest indigenous group, the Mapuche, have increased their protest initiatives in support of their territorial and land ownership claims. These actions in defiance of private property and legality were quickly categorized by the press as the manifestation of a “new indigenous radicalism” and were punished by a significant number of legal proceedings against their supposed authors, who were labelled “extremists” or even “terrorists.” In examining the development of Mapuche activism, this paper seeks to show that radicalism is not an essence in itself, but should be seen above all as a form of “classification struggle” (Bourdieu’s lutte de classement)},
  langid = {french},
  keywords = {chili},
  file = {C\:\\Users\\cohum\\Zotero\\storage\\DHBU7G2Z\\abstract.html}
}

@article{bengoaMapuchesHistoriaCultura2011,
  title = {Los Mapuches: historia, cultura y conflicto},
  shorttitle = {Los Mapuches},
  author = {Bengoa, José},
  date = {2011-12-31},
  journaltitle = {Cahiers des Amériques latines},
  volume = {2011/3},
  number = {68},
  pages = {89--107},
  publisher = {{Institut des hautes études de l'Amérique latine}},
  issn = {1141-7161},
  doi = {10.4000/cal.118},
  url = {https://journals.openedition.org/cal/118},
  urldate = {2022-07-01},
  abstract = {Desde una perspectiva de larga duración, este artículo propone un balance sobre la “cuestión mapuche” en el Chile de principios del siglo XXI – especialmente en el contexto de la celebración del Bicentenario de la Independencia que conduce a la emergencia de nuevas inter-rogaciones identitarias. Pone énfasis en la tensión fundamental que existe entre la modernidad que reivindican las elites chilenas y las dinámicas de expresión de una identidad propia que reclama el mundo mapuche, así como en las diversas formas en que el componente indio de Chile es silenciado.},
  isbn = {9782371540583},
  issue = {68},
  langid = {spanish},
  keywords = {chili,comunidades,indígenas,Mapuches,modernidad}
}

@article{carvajal-delmarCriminalisationConflitMapuche2014,
  title = {La criminalisation du conflit Mapuche~: l'application discriminatoire de la loi antiterroriste chilienne},
  shorttitle = {La criminalisation du conflit Mapuche},
  author = {Carvajal-del Mar, Zunilda},
  date = {2014},
  journaltitle = {Archives de politique criminelle},
  shortjournal = {Archives de politique criminelle},
  volume = {36},
  number = {1},
  pages = {213--226},
  publisher = {{Éditions Pédone}},
  location = {{Paris}},
  issn = {0242-5637},
  doi = {10.3917/apc.036.0213},
  url = {https://www.cairn.info/revue-archives-de-politique-criminelle-2014-1-page-213.htm},
  urldate = {2022-09-12},
  langid = {french},
  keywords = {chili},
  file = {C\:\\Users\\cohum\\Zotero\\storage\\9YV7U82D\\revue-archives-de-politique-criminelle-2014-1-page-213.html}
}

@report{chiarettiTransformarArchivoArchivo2016,
  title = {Transformar El {{Archivo}} En Un {{Archivo}}. {{Retos}} y Desafíos En El {{Archivo Central Andrés Bello}}},
  author = {Chiaretti, Alessandro and Bilbao, Claudio Ogass},
  date = {2016},
  institution = {{Comité Nacional de la Memoria del Mundo}},
  location = {{Santiago, Chili}},
  url = {https://www.academia.edu/32354445/Transformar_el_Archivo_en_un_Archivo_Retos_y_desaf%C3%ADos_en_el_Archivo_Central_Andr%C3%A9s_Bello},
  urldate = {2022-08-16},
  abstract = {En este artículo pretendemos describir una serie de encrucijadas que enfrentamos en el proceso de organización y descripción de los fondos series documentales custodiadas en el Archivo Central Andrés Bello de la Universidad de Chile. Se trata,},
  langid = {english},
  keywords = {chili},
  file = {C\:\\Users\\cohum\\Zotero\\storage\\EER6HT7W\\Transformar_el_Archivo_en_un_Archivo.html}
}

@article{delfauChiliPaysTransformation2014,
  title = {Le Chili, un pays en transformation},
  author = {Delfau, Antonio and Kaufmann Salinas, Sebastián},
  date = {2014},
  journaltitle = {Études},
  shortjournal = {Études},
  volume = {avril},
  number = {4},
  pages = {19--28},
  publisher = {{S.E.R.}},
  location = {{Paris}},
  issn = {0014-1941},
  doi = {10.3917/etu.4204.0019},
  url = {https://www.cairn.info/revue-etudes-2014-4-page-19.htm},
  urldate = {2022-09-12},
  abstract = {Après l’élection de Michelle Bachelet, il semble que le Chili soit au début d’un nouveau cycle de son histoire. La relecture des années de dictature permet de se libérer de certains héritages et d’avancer sur la voie des réformes. Malgré une relative défiance à l’égard de la classe politique, la société, particulièrement la jeunesse, veut s’investir dans la construction sociale.},
  langid = {french},
  keywords = {chili}
}

@online{fabryArchivesArchivistesCrise2020,
  type = {Tumblr},
  title = {Archives, Archivistes et Crise Au {{Chili}}, Quelques Réflexions},
  author = {Fabry, Pierre},
  date = {2020-01},
  url = {https://ecoledeschartes.tumblr.com/post/190494197307/archives-archivistes-et-crise-au-chili-quelques?is_related_post=1},
  urldate = {2022-09-13},
  organization = {{Ecole des chartes}},
  keywords = {chili},
  file = {C\:\\Users\\cohum\\Zotero\\storage\\PXZLVDQ8\\archives-archivistes-et-crise-au-chili-quelques.html}
}

@incollection{groppoChapitreArchivesDroits2020,
  title = {Chapitre~v – Les archives des droits humains. Documenter la répression et la résistance au Chili et en Argentine},
  booktitle = {Documenter les violences : Usages publics du passé dans la justice transitionnelle},
  author = {Groppo, Bruno},
  editor = {Goirand, Camille and Müller, Angélica},
  date = {2020-09-25},
  series = {Travaux et mémoires},
  pages = {131--149},
  publisher = {{Éditions de l’IHEAL}},
  location = {{Paris}},
  url = {http://books.openedition.org/iheal/8887},
  urldate = {2022-09-13},
  isbn = {978-2-37154-136-8},
  langid = {french},
  keywords = {Amérique latine,Andes,archives,Brazil,chili,Europe,histoire,history,mémoire collective,politique}
}

@article{hernandezPueblosOriginariosAnte2017,
  title = {Los pueblos originarios ante el horizonte de una nueva constitución},
  author = {Hernández, Salvador Millaleo},
  date = {2017},
  journaltitle = {Anales de la Universidad de Chile},
  number = {13},
  pages = {241--259},
  issn = {0717-8883},
  doi = {10.5354/0717-8883.2017.49005},
  url = {https://anales.uchile.cl/index.php/ANUC/article/view/49005},
  urldate = {2022-09-12},
  issue = {13},
  langid = {spanish},
  keywords = {chili},
  file = {C\:\\Users\\cohum\\Zotero\\storage\\T3Y8UAAS\\Hernández - 2017 - Los pueblos originarios ante el horizonte de una n.pdf}
}

@article{huenchoPueblosIndigenasDerechos2017,
  title = {Pueblos indígenas y derechos: una discusión a la luz de las políticas públicas desde el caso chileno},
  shorttitle = {Pueblos indígenas y derechos},
  author = {Huencho, Verónica Figueroa},
  date = {2017},
  journaltitle = {Anales de la Universidad de Chile},
  number = {13},
  pages = {97--114},
  issn = {0717-8883},
  doi = {10.5354/0717-8883.2017.48999},
  url = {https://anales.uchile.cl/index.php/ANUC/article/view/48999},
  urldate = {2022-09-12},
  issue = {13},
  langid = {spanish},
  keywords = {chili},
  file = {C\:\\Users\\cohum\\Zotero\\storage\\XINQENFL\\Huencho - 2017 - Pueblos indígenas y derechos una discusión a la l.pdf}
}

@article{lacosteConstructionDiscursiveEvenement2016,
  title = {La construction discursive de l’événement conflit mapuche dans la presse écrite chilienne},
  author = {Lacoste, Pablo Segovia},
  date = {2016},
  journaltitle = {Synergies Chili},
  number = {12},
  pages = {73--87},
  abstract = {This work analyses the construction of the Mapuche conflict event in two national newspapers from the French Discourse Analysis perspective. Firstly, the historical background of the so-called Mapuche conflict will be studied. Secondly, the discursive construction of the Mapuche conflict event and its implications at social level will be analysed. And lastly, the representation by the press of the different participants in this event will be studied. The corpus is composed by a group of national newspaper’s articles from El Mercurio and La Nación, beginning in March of 2014 to May of 2016.},
  langid = {french},
  keywords = {chili,histoire},
  file = {C\:\\Users\\cohum\\Zotero\\storage\\FZPULXHU\\Lacoste - 2016 - La construction discursive de l’événement conflit .pdf}
}

@article{lebonniecCultureMapucheBarre2015,
  title = {La culture mapuche à la barre~: pouvoir et médiation linguistico-culturels des facilitateurs interculturels dans les tribunaux pénaux du sud du Chili},
  shorttitle = {La culture mapuche à la barre},
  author = {Le Bonniec, Fabien},
  date = {2015},
  journaltitle = {Autrepart},
  shortjournal = {Autrepart},
  volume = {73},
  number = {1},
  pages = {55--71},
  publisher = {{Presses de Sciences Po}},
  location = {{Paris}},
  issn = {1278-3986},
  doi = {10.3917/autr.073.0055},
  url = {https://www.cairn.info/revue-autrepart-2015-1-page-55.htm},
  urldate = {2022-08-08},
  abstract = {La mise en place, au début des années 2000, de la réforme des procédures pénales au Chili a impliqué le passage d’une justice inquisitoire et écrite, à un système accusatoire et oral. Elle a permis l’émergence de nouveaux acteurs dans la profession judiciaire, tels que des juges de garantie, des procureurs, ainsi que dans certaines régions, des facilitateurs interculturels bilingues. C’est principalement en Araucanie qu’on a recours aux facilitateurs lorsqu’un accusé d’origine autochtone a des difficultés de communication avec les magistrats du tribunal. L’observation de telles situations révèle non seulement le rôle primordial du facilitateur, mais aussi son affranchissement par rapport à la fonction de traducteur-interprète neutre, en s’affirmant comme un médiateur linguistico-culturel. Il s’inscrit ainsi dans une histoire pluriséculaire de la médiation linguistico-culturelle dans le sud du Chili. Nous verrons à partir d’une ethnographie des tribunaux du sud du Chili comment ces institutions se constituent à la fois comme des espaces de négation, mais aussi de production et d’expression de la différence culturelle, notamment à travers leurs procédures orales et publiques et l’intervention des facilitateurs interculturels bilingues.},
  langid = {french},
  keywords = {Araucanie,chili,Chili,facilitateur interculturel mapuche,justice,traduction-interprétation}
}

@report{n.c.EstadoArteNacional2010,
  title = {Estado del arte nacional e internacional en materia de gestion de datos de investigacion e informacion cientifica y tecnologica y recomendaciones de buenas practicas},
  author = {N.C.},
  date = {2010-06},
  pages = {108},
  institution = {{Comisión Nacional de Investigación Científica y Tecnológica}},
  location = {{Santiago, Chili}},
  url = {http://datoscientificos.cl/files/ufro-2010.pdf},
  langid = {spanish},
  keywords = {chili},
  file = {C\:\\Users\\cohum\\Zotero\\storage\\2NAKII7I\\ESTADO DEL ARTE NACIONAL E INTERNACIONAL EN MATERI.pdf}
}

@report{n.c.ManualDatosAbiertos2014,
  title = {Manual de Datos Abiertos},
  author = {N.C.},
  date = {2014-01},
  institution = {{Comisión Nacional de Investigación Científica y Tecnológica}},
  location = {{Santiago, Chili}},
  url = {http://datoscientificos.cl/files/manual-2014.pdf},
  langid = {spanish},
  keywords = {chili}
}

@article{obregoniturraEnjeuxConflictuelsLies2020,
  title = {Enjeux conflictuels liés à la terre et au territoire en pays mapuche},
  author = {Obregón Iturra, Jimena Paz},
  date = {2020-10-08},
  journaltitle = {Nuevo Mundo Mundos Nuevos. Nouveaux mondes mondes nouveaux - Novo Mundo Mundos Novos - New world New worlds},
  publisher = {{EHESS}},
  issn = {1626-0252},
  doi = {10.4000/nuevomundo.82647},
  url = {https://journals.openedition.org/nuevomundo/82647},
  urldate = {2022-08-08},
  abstract = {«~Attaques incendiaires, climat de tension et de suspicion, attentats, aggravation du conflit, l’Araucanía en proie aux violences, incendies terroristes, mapuches inculpés sous le coup de la loi anti-terroriste~», ces formules sont récurrentes depuis une vingtaine d’années dans les manchettes d’El Mercurio, journal chilien de référence, politiquement marqué à droite, remarquable par sa capacité à donner le ton, au point d’avoir influencé l’opinion publique de manière décisive à des moments cr...},
  langid = {french},
  keywords = {chili}
}

@article{sepulvedaPaysMapucheTerritoire2012,
  title = {Le pays mapuche, un territoire « à géographie variable »},
  author = {Sepúlveda, Bastien},
  date = {2012-03-01},
  journaltitle = {Espace populations sociétés. Space populations societies},
  number = {2012/1},
  pages = {73--88},
  publisher = {{Université des Sciences et Technologies de Lille}},
  issn = {0755-7809},
  doi = {10.4000/eps.4872},
  url = {https://journals.openedition.org/eps/4872},
  urldate = {2022-09-12},
  abstract = {Cet article s’intéresse à la question territoriale autochtone qu’il analyse à partir du cas mapuche au Chili. Partant d’une confrontation entre territorialités imposées (celles de l’indigénisme d’État), territorialités professées (celles des discours des leaders autochtones) et territorialités vécues (celles des pratiques du quotidien), il offre un regard croisé permettant de saisir la complexité d’un objet géographique dont la construction implique une grande diversité d’acteurs. Il dévoile ainsi les différents niveaux de lecture d’un territoire constituant à tous égards un espace «~à géographie variable~».},
  issue = {2012/1},
  langid = {french},
  keywords = {autochtonie,chili,Chili,Mapuche,revendication territoriale,territorialité}
}


