
@software{humeauEnrichmentWikisource2022,
  title = {Enrichment Wikisource},
  author = {Humeau, Maxime},
  date = {2022-05},
  location = {{Santiago, Chili}},
  url = {https://github.com/Proyecto-Ocupacion-Araucania-UChile/data_enrichment},
  editora = {Chiaretti, Alessandro},
  editoratype = {collaborator},
  organization = {{Archivo Central Andres Bello}},
  keywords = {codes}
}

@software{humeauEntrainementAnnotationsNER2022,
  title = {Entra√Ænement et Annotations {{NER}}},
  author = {Humeau, Maxime},
  date = {2022-06},
  location = {{Santiago, Chili}},
  url = {https://github.com/Proyecto-Ocupacion-Araucania-UChile/NER_Araucania},
  editora = {Chiaretti, Alessandro},
  editoratype = {collaborator},
  organization = {{Archivo Central Andres Bello}},
  keywords = {codes}
}

@software{humeauHTRAraucaniaManuscript2022,
  title = {{{HTR}} - {{Araucania}} Manuscript {{XIXe}}},
  author = {Humeau, Maxime and Chiaretti, Alessandro},
  date = {2022},
  location = {{Santiago, Chili}},
  url = {https://github.com/Proyecto-Ocupacion-Araucania-UChile/HTR_Araucania_XIX},
  urldate = {2022-09-13},
  organization = {{Archivo Central Andres Bello}},
  keywords = {codes},
  file = {C\:\\Users\\cohum\\Zotero\\storage\\5YFIAGMG\\HTR_Araucania_XIX.html}
}

@software{humeauHTRAraucaniaXIX2022,
  title = {{{HTR}} - {{Araucania}} - {{XIX}} Manuscript},
  author = {Humeau, Maxime and Chiaretti, Alessandro},
  date = {2022-09-13},
  location = {{Santiago, Chili}},
  url = {https://zenodo.org/record/7075075},
  urldate = {2022-09-14},
  abstract = {Ground Truth dataset for Spanish 19th typewritten OCR.},
  organization = {{Archivo Central Andres Bello}},
  keywords = {Chile,codes,HTR,Kraken,Segmonto,Spanish,XIXe}
}

@software{humeauHTREvaluation2022,
  title = {{{HTR}} Evaluation},
  author = {Humeau, Maxime},
  date = {2022-04},
  location = {{Santiago, Chili}},
  url = {https://github.com/Proyecto-Ocupacion-Araucania-UChile/model-HTR/tree/main/test_kami},
  urldate = {2022-08-28},
  editora = {Chiaretti, Alessandro},
  editoratype = {collaborator},
  organization = {{Archivo Central Andres Bello}},
  keywords = {codes},
  file = {C\:\\Users\\cohum\\Zotero\\storage\\XBDKGE5H\\test_kami.html}
}

@software{humeauPostprocessHTR2022,
  title = {Postprocess {{HTR}}},
  author = {Humeau, Maxime},
  date = {2022-05},
  location = {{Santiago, Chili}},
  url = {https://github.com/Proyecto-Ocupacion-Araucania-UChile/postprocess_alto},
  editora = {Chiaretti, Alessandro},
  editoratype = {collaborator},
  organization = {{Archivo Central Andres Bello}},
  keywords = {codes}
}

@software{humeauPreprocessingHTR2022,
  title = {Preprocessing {{HTR}}},
  author = {Humeau, Maxime},
  date = {2022-04},
  location = {{Santiago, Chili}},
  url = {https://github.com/Proyecto-Ocupacion-Araucania-UChile/model-HTR/tree/main/Preprocess},
  editora = {Chiaretti, Alessandro},
  editoratype = {collaborator},
  organization = {{Archivo Central Andres Bello}},
  keywords = {codes}
}

@software{humeauTeiTransformation2022,
  title = {Tei {{Transformation}}},
  author = {Humeau, Maxime},
  date = {2022-07},
  location = {{Santiago, Chili}},
  url = {https://github.com/Proyecto-Ocupacion-Araucania-UChile/TEI_tranformation},
  editora = {Chiaretti, Alessandro},
  editoratype = {collaborator},
  organization = {{Archivo Central Andres Bello}},
  keywords = {codes}
}


