
@article{alvarez-melladoTEIfriendlyAnnotationScheme2021b,
  title = {{{TEI-friendly}} Annotation Scheme for Medieval Named Entities: A Case on a {{Spanish}} Medieval Corpus},
  shorttitle = {{{TEI-friendly}} Annotation Scheme for Medieval Named Entities},
  author = {Álvarez-Mellado, Elena and Díez-Platas, María Luisa and Ruiz-Fabo, Pablo and Bermúdez, Helena and Ros, Salvador and González-Blanco, Elena},
  date = {2021-06-01},
  journaltitle = {Language Resources and Evaluation},
  shortjournal = {Lang Resources \& Evaluation},
  volume = {55},
  number = {2},
  pages = {525--549},
  issn = {1574-0218},
  doi = {10.1007/s10579-020-09516-2},
  url = {https://doi.org/10.1007/s10579-020-09516-2},
  urldate = {2022-08-06},
  abstract = {Medieval documents are a rich source of historical data. Performing named-entity recognition (NER) on this genre of texts can provide us with valuable historical evidence. However, traditional NER categories and schemes are usually designed with modern documents in mind (i.e. journalistic text) and the general-domain NER annotation schemes fail to capture the nature of medieval entities. In this paper we explore the challenges of performing named-entity annotation on a corpus of Spanish medieval documents: we discuss the mismatches that arise when applying traditional NER categories to a corpus of Spanish medieval documents and we propose a novel humanist-friendly TEI-compliant annotation scheme and guidelines intended to capture the particular nature of medieval entities.},
  langid = {english},
  keywords = {Annotation scheme,edition,Historical NER,Medieval named entities,Medieval Spanish corpus,Named-entity annotation},
  file = {C\:\\Users\\cohum\\Zotero\\storage\\NHWCKMRQ\\Álvarez-Mellado et al. - 2021 - TEI-friendly annotation scheme for medieval named .pdf}
}

@article{bissonNoticesAutoriteXMLTEI2020,
  title = {Les notices d’autorité en XML-TEI : un outil pour l’accroissement collaboratif de connaissances et l’indexation d’éditions de sources},
  shorttitle = {Les notices d’autorité en XML-TEI},
  author = {Bisson, Marie and Goloubkoff, Anne},
  date = {2020-03-03},
  journaltitle = {Tabularia. Sources écrites des mondes normands médiévaux},
  publisher = {{CRAHAM - Centre Michel de Boüard}},
  issn = {1630-7364},
  doi = {10.4000/tabularia.4176},
  url = {https://journals.openedition.org/tabularia/4176},
  urldate = {2022-09-05},
  abstract = {Cet article présente un outil conçu au pôle Document numérique de         la Maison de la Recherche en Sciences Humaines de l’université de Caen         Normandie. L’enjeu de cet outil est de permettre d’une part la         création et l’enrichissement cumulatif d’un thesaurus (une base de données~XML) à partir des         informations collectées dans les textes et d’autre part une indexation         fine des textes. Cet environnement de travail est collaboratif~: il         permet à plusieurs chercheurs travaillant sur différentes sources         d’enrichir des bases de données~XML partagées. Le contexte dans lequel         cet outil a été créé est celui de l’édition de sources anciennes,         c’est-à-dire de l’édition scientifique avec des objectifs de recherche         et d’analyse des données, mais sans jamais perdre de vue les objectifs         d’édition matérielle, soit la possibilité de publier les         résultats.},
  langid = {french},
  keywords = {autorités,edition,édition critique,index,Thesauri,XML-TEI},
  file = {C\:\\Users\\cohum\\Zotero\\storage\\5ZSB53TG\\Bisson et Goloubkoff - 2020 - Les notices d’autorité en XML-TEI  un outil pour .pdf}
}

@book{burnardQuEstceQue2015,
  title = {Qu’est-ce que la Text Encoding Initiative ?},
  author = {Burnard, Lou},
  translator = {Burghart, Marjorie},
  date = {2015-10-28},
  series = {Encyclopédie numérique},
  publisher = {{OpenEdition Press}},
  location = {{Marseille}},
  url = {http://books.openedition.org/oep/1237},
  urldate = {2022-09-02},
  abstract = {Les Guidelines de la Text Encoding Initiative (TEI) sont depuis longtemps considérées comme le standard de fait pour la préparation de ressources textuelles numériques dans la communauté académique. Elles offrent au débutant un éventail de possibilités qui peut paraître intimidant, mais qui reflète l’impressionnante étendue des applications possibles pour l’encodage de texte, depuis les éditions critiques traditionnelles jusqu’aux corpus linguistiques, aux lexiques historiques, aux archives numériques et au-delà.  Utilisant de nombreux exemples de textes encodés en TEI issus de domaines variés, ce livre simple et direct est destiné à aider le débutant à faire ses propres choix parmi les multiples options offertes par la TEI. Il explique la technologie XML utilisée par la TEI d’une manière accessible au lecteur dépourvu de formation technique, et offre une visite guidée des dédales de l’univers de la TEI, et de la façon dont elle peut être personnalisée pour répondre aux besoins d’un projet particulier.  Cet ouvrage a été réalisé avec le soutien de la région Provence-Alpes-Côte d’Azur.},
  isbn = {978-2-8218-5581-6},
  langid = {french},
  pagetotal = {116},
  keywords = {edition,édition électronique,édition numérique,encodage de textes,humanités numériques,TEI,XML}
}

@article{campsOuVaPhilologie2018,
  title = {Où va la philologie numérique ?},
  author = {Camps, Jean-Baptiste},
  date = {2018-01-29},
  journaltitle = {Fabula-LhT},
  number = {20},
  publisher = {{LHT Fabula / Équipe de recherche Fabula}},
  issn = {2100-0689},
  url = {https://www.fabula.org:443/lht/20/camps.html},
  urldate = {2022-08-20},
  abstract = {If the first philologists to use computers, since the 1950’s, considered it mostly an instrument to which they could delegate repetitive or quantitatively important tasks, I argue here that computational methods, or, better said, data-oriented philology can be a powerful vector of transformation of our disciplines, inside the framework provided by the emerging fourth paradigm of an unified scientific method. Indeed, if the digital publication of editions often has, until now, captured the attention of textual scholars, the core of the potential transformation lies instead in a data-centric approach: upstream, this means using computational methods to produce data in quantities or granularities that could not be considered until now; downstream, it has the ability of reversing the very way in which we formulate statements or build knowledge, by moving from the traditional hypothesis‑led approach to a procedure in which a formalisation is drawn from the data themselves, allowing us to be freer from the more deeply‑rooted postulates or from “common-sense” assumptions. As we register new sets of facts selected from our sources, new enquiries and analyses become possible, as long as we don’t stay prisoners of interfaces, that are in essence limited and whose sustainability is questionable. If “Data is the Important Long-Term Outcome”, they should be shared without restrictions in order to allow for accumulative progress of knowledge, as well as to conform to the standards of scientific research: reproducibility, falsifiability. For this kind of open science to be enacted, we should be less indulgent towards copyfraud and absurd claims of ownership on ancient texts.},
  langid = {french},
  keywords = {edition},
  file = {C\:\\Users\\cohum\\Zotero\\storage\\94FHWH54\\camps.html}
}

@inproceedings{campsTEICommunautePratiques2017,
  title = {La {{TEI}}, Une Communauté de Pratiques},
  booktitle = {Édition Électronique et {{TEI}} : Enjeux, Pratiques et Perspectives - \_{{dayClic}}()},
  author = {Camps, Jean-Baptiste},
  date = {2017-11-14},
  location = {{Le Mans}},
  keywords = {edition}
}

@article{casenavePositionnementEditorialDans2019,
  title = {Le positionnement éditorial dans l’édition critique numérique},
  author = {Casenave, Joana},
  date = {2019-09-18},
  journaltitle = {Digital Studies / Le champ numérique},
  volume = {9},
  number = {1},
  publisher = {{Open Library of Humanities}},
  issn = {1918-3666},
  doi = {10.16995/dscn.348},
  url = {https://www.digitalstudies.org/article/id/7343/},
  urldate = {2022-09-02},
  abstract = {Critical editing is a practice whose contours have been well established by the philological tradition. The different critical conventions are well known and have been subject to a myriad of scientific studies. Nevertheless, critical edition has been undergoing changes since the development of new technologies. Digital critical editions have multiplied and today represent a large and varied panel. As a consequence, it’s worth observing, beyond technological innovations, what digital editing brings in terms of methodology and publishing conceptualisation. Obviously, in digital editions~as in traditional editions, the final goal is offering readers a text that they will be able to consult and use in their research: the edited text should be a stable one, that can be an authoritative resource. The uniqueness of digital edition’s design, however, requires editors to reflect, right from the start of the publication process, on the information that they are going to provide, as well as on the way in which they will be presenting it. From the very beginning of its development, digital editing entails, then, a true awareness of how it will be received. It permits, also, a significant diversification of information presented in editions. It ultimately distinguishes itself with its open nature: digital editing is open in terms of content evolution over time just as it is in terms of collaborative editing.~RésuméL’édition critique est une pratique dont les contours ont été bien établis par la tradition philologique. Les différents courants critiques sont bien connus et ont fait l’objet de nombreuses études scientifiques. Cependant, depuis le développement des nouvelles technologies, l’édition critique est en pleine mutation. Les éditions critiques numériques se sont multipliées et constituent aujourd’hui un panel large et varié. Dès lors, il importe d’observer, au-delà des innovations techniques, ce que l’édition numérique apporte en termes de méthodologie et de conceptualisation de l’édition. Bien évidemment, dans l’édition numérique comme dans l’édition traditionnelle, l’objectif final consiste à proposer au lecteur un texte qu’il va pouvoir consulter et utiliser dans ses recherches: le texte édité doit être un texte stable, qui puisse faire autorité. Cependant, la spécificité de conception des éditions numériques oblige les éditeurs à s’interroger, dès le début du processus d’édition, sur les informations qu’ils vont fournir, ainsi que sur la manière dont ils les présenteront. L’édition numérique implique alors, dès le début de son développement, une réelle prise en compte de la réception. Elle permet également une diversification importante des informations présentées dans l’édition. Elle se démarque enfin par son caractère ouvert: l’édition numérique est ouverte en termes d’évolution de contenu dans le temps tout comme en termes de collaboration au travail d’édition.~Mots-clés: Edition critique; philologie; humanités numériques; édition numérique; philologie numérique},
  issue = {1},
  langid = {french},
  keywords = {edition},
  file = {C\:\\Users\\cohum\\Zotero\\storage\\YQR3TIZ3\\Casenave - 2019 - Le positionnement éditorial dans l’édition critiqu.pdf;C\:\\Users\\cohum\\Zotero\\storage\\U63LGU8B\\7343.html}
}

@book{cavalieExperimenterHumanitesNumeriques2018,
  title = {Expérimenter les humanités numériques. Des outils individuels aux projets collectifs},
  shorttitle = {Expérimenter les humanités numériques},
  editor = {Cavalié, Étienne and Clavert, Frédéric and Legendre, Olivier and Martin, Dana},
  date = {2018-05-18},
  journaltitle = {Expérimenter les humanités numériques : Des outils individuels aux projets collectifs},
  series = {Parcours numérique},
  edition = {Nouvelle édition [en ligne]},
  publisher = {{Presses de l’Université de Montréal}},
  location = {{Montréal}},
  url = {http://books.openedition.org/pum/11091},
  urldate = {2022-09-02},
  abstract = {Univers en perpétuelle expansion et au foisonnement chaotique, Internet offre un nombre incalculable d’outils, dont l’exploration paraît parfois hors de portée. Dans le paysage des sciences humaines, les blogs, les logiciels bibliographiques, les bases de données, les éditions en ligne et les wikis, tous ces objets qui éveillaient notre curiosité il y a une décennie, sont devenus aussi anodins qu’omniprésents. Mais comment bien s’en servir ?  Les appréhensions face à ces outils – et leur simple mais robuste méconnaissance – sont encore largement répandues. Or on ne peut plus ignorer leur intérêt, voire leur nécessité, et les chercheurs qui s’y essaient ne savent souvent pas par quel bout attraper ces logiciels nouveaux. C’est à cela que cet ouvrage veut les aider, de façon simple et précise, et il entend le faire sans en cacher les difficultés, mais sans dissimuler non plus qu’elles sont désormais connues, donc surmontables, et que, dans la majorité des cas, le résultat vaut tous les efforts à consentir.},
  isbn = {979-10-365-0173-9},
  langid = {french},
  pagetotal = {166},
  keywords = {edition,humanités numériques,information électronique,internet}
}

@inproceedings{chagueDeuxSieclesSources2019a,
  title = {Deux siècles de sources disparates sur l'industrie textile en France: comment automatiser les traitements d'un corpus non-uniforme?},
  booktitle = {Colloque DHNord 2019 "Corpus et archives numériques"},
  author = {Chagué, Alix and Fourner, Victoria Le and Martini, Manuela},
  date = {2019-10},
  location = {{MESHS Lille Nord de France}},
  url = {https://hal.inria.fr/view/index/identifiant/hal-02448921},
  langid = {french},
  keywords = {edition},
  file = {C\:\\Users\\cohum\\Zotero\\storage\\9U7FMMAI\\Chagué et al. - Deux siècles de sources disparates sur l'industrie.pdf}
}

@inproceedings{chagueTakeSipTEI2022a,
  title = {Take a Sip of {{TEI}} and Relax: A Proposition for an End-to-End Workflow to Enrich and Publish Data Created with Automatic Text Recognition},
  shorttitle = {Take a Sip of {{TEI}} and Relax},
  booktitle = {Digital {{Humanities}} 2022 : {{Responding}} to {{Asian Diversity}}},
  author = {Chagué, Alix and Scheithauer, Hugo and Terriel, Lucas and Chiffoleau, Floriane and Tadjo-Takianpi, Yves},
  date = {2022-07},
  publisher = {{ADHO and University of Tokyo}},
  location = {{Tokyo, Japan}},
  url = {https://hal.inria.fr/hal-03739767},
  urldate = {2022-08-19},
  keywords = {Digital edition workflow,Digital editions,edition,Handwritten Text Recognition,Named Entities Recognition,TEI Publisher,Text Encoding Initiative TEI},
  file = {C\:\\Users\\cohum\\Zotero\\storage\\ZN8P5DCK\\Chagué et al. - 2022 - Take a sip of TEI and relax a proposition for an .pdf}
}

@software{chiffoleauDAHNProjectDigital2022,
  title = {{{DAHN Project}}: {{Digital Edition}} of Historical Manuscripts},
  shorttitle = {{{DAHN Project}}},
  author = {Chiffoleau, Floriane},
  date = {2022-06-22T08:46:18Z},
  origdate = {2020-04-02T09:50:08Z},
  url = {https://github.com/FloChiff/DAHNProject/blob/e19fbc38476305a941ff7f5a6db1a32f26a9acf5/Correspondence/Guidelines/Documentation-Correspondance.pdf},
  urldate = {2022-08-22},
  abstract = {Project DAHN "Digital Edition of historical manuscripts (correspondences)"},
  keywords = {edition}
}

@software{christensenAlto2tei2022,
  title = {Alto2tei},
  author = {Christensen, Kelly},
  date = {2022},
  url = {https://github.com/kat-kel/alto2tei},
  urldate = {2022-09-03},
  organization = {{Gallic(orpor)a}},
  keywords = {edition},
  annotation = {CC0-1.0 license},
  file = {C\:\\Users\\cohum\\Zotero\\storage\\AKNRDJXH\\alto2tei.html}
}

@inproceedings{christensenGallicOrporTraitement2022a,
  title = {Gallic(Orpor)a: {{Traitement}} Des Sources Textuelles En Diachronie Longue de {{Gallica}}},
  shorttitle = {Gallic(Orpor)a},
  booktitle = {{{DataLab}} de La {{BnF}}},
  author = {Christensen, Kelly and Pinche, Ariane and Gabay, Simon},
  date = {2022-06},
  location = {{Paris, France}},
  url = {https://hal.archives-ouvertes.fr/hal-03716534},
  urldate = {2022-08-21},
  keywords = {edition},
  file = {C\:\\Users\\cohum\\Zotero\\storage\\LI5D42YX\\Christensen et al. - 2022 - Gallic(orpor)a Traitement des sources textuelles .pdf}
}

@inproceedings{clavaudVersEditionLigne2019a,
  title = {Vers l'édition En Ligne Des {{Testaments}} de {{Poilus}}},
  booktitle = {Les Éditions Savantes Numériques : Enjeux et Réalisation},
  author = {Clavaud, Florence},
  date = {2019-05},
  location = {{Lille, France}},
  url = {https://hal.archives-ouvertes.fr/hal-02469768},
  urldate = {2022-08-17},
  keywords = {edition},
  file = {C\:\\Users\\cohum\\Zotero\\storage\\JDRNEDIY\\hal-02469768.html}
}

@article{clericeOutilsCapiTainSEdition2017a,
  title = {Les outils CapiTainS, l’édition numérique et l’exploitation des textes},
  author = {Clérice, Thibault},
  date = {2017-12-15},
  journaltitle = {Médiévales. Langues, Textes, Histoire},
  volume = {73},
  number = {73},
  pages = {115--131},
  publisher = {{Presses universitaires de Vincennes}},
  issn = {0751-2708},
  doi = {10.4000/medievales.8211},
  url = {https://journals.openedition.org/medievales/8211},
  urldate = {2022-08-17},
  abstract = {Issu de la collaboration de membres des équipes de Perseids et Perseus à Tufts et de la Humboldt Chair of Digital Humanities de l’Université de Leipzig, le projet CapiTainS voudrait proposer des solutions open source, réexploitables et extensibles visant à simplifier le développement et la valorisation de publications et éditions numériques. Cet ensemble d’outils permet aux chercheurs d’inscrire leur projet dans un réseau de données ouvertes et pleinement réutilisables, réduisant ainsi le coût nécessaire à la ré-exploitation de données produites.},
  isbn = {9782842928018},
  issue = {73},
  langid = {french},
  keywords = {CapiTainS,edition,édition numérique,humanités numériques},
  file = {C\:\\Users\\cohum\\Zotero\\storage\\H9Z3VH23\\Clérice - 2017 - Les outils CapiTainS, l’édition numérique et l’exp.pdf}
}

@thesis{corbieresCatalogueAuFichier2020,
  type = {mémoire pour le diplôme de master « Technologies numériques appliquées à l’histoire », dir. Thibault Clérice et Béatrice Joyeux-Prunel},
  title = {Du Catalogue Au Fichier {{TEI}}: Création d’un Workflow Pour Encoder Automatiquement En Xml-Tei Des Catalogues d’exposition},
  author = {Corbières, Caroline and Joyeux-Prunel (dir.), Béatrice and Clérice (dir.), Thibault},
  date = {2020},
  institution = {{Ecole nationale des chartes}},
  location = {{Paris, France}},
  keywords = {edition}
}

@article{duvalPourEditionsNumeriques2017,
  title = {Pour des éditions numériques critiques. L’exemple des textes français},
  author = {Duval, Frédéric},
  date = {2017-12-15},
  journaltitle = {Médiévales. Langues, Textes, Histoire},
  number = {73},
  pages = {13--29},
  publisher = {{Presses universitaires de Vincennes}},
  issn = {0751-2708},
  doi = {10.4000/medievales.8165},
  url = {https://journals.openedition.org/medievales/8165#bodyftn26},
  urldate = {2022-08-15},
  abstract = {Trente ans après les débuts de l’édition numérique de textes médiévaux en français, le bilan est maigre et les méthodes éditoriales privilégient les éditions documentaires, dans la tradition anglo-saxonne du scholarly documentary editing. Cette contribution voudrait sensibiliser les médiévistes francisants à l’intensité actuelle des débats théoriques consacrés à l’édition numérique et à la place que peut y trouver l’édition critique. Après une mise au point terminologique, elle revient sur les raisons qui expliquent le triomphe des éditions numériques orientées vers le document, avant de rappeler que le numérique ne modifie pas l’ontologie des textes et ne disqualifie pas l’approche de la critique textuelle. Au contraire, une complémentarité est à trouver entre éditions documentaires et éditions auctoriales.},
  isbn = {9782842928018},
  issue = {73},
  langid = {french},
  keywords = {edition,édition numérique,humanités numériques,littérature française,texte (édition)},
  file = {C\:\\Users\\cohum\\Zotero\\storage\\ZGNMS45Y\\Duval - 2017 - Pour des éditions numériques critiques. L’exemple .pdf}
}

@inproceedings{gabaySegmOntoCommonVocabulary2021a,
  title = {{{SegmOnto}}: Common Vocabulary and Practices for Analysing the Layout of Manuscripts (and More)},
  shorttitle = {{{SegmOnto}}},
  booktitle = {1st {{International Workshop}} on {{Computational Paleography}} ({{IWCP}}@{{ICDAR}} 2021)},
  author = {Gabay, Simon and Camps, Jean-Baptiste and Pinche, Ariane and Jahan, Claire},
  date = {2021-09},
  location = {{Lausanne, Suisse}},
  url = {https://hal.archives-ouvertes.fr/hal-03336528},
  urldate = {2022-08-22},
  keywords = {Analyse de disposition,controlled vocabulary,edition,Imprimés modernes,layout analysis,manuscripts,Manuscrits,old prints,Vocabulaire controlé},
  file = {C\:\\Users\\cohum\\Zotero\\storage\\CKNYMHKU\\Gabay et al. - 2021 - SegmOnto common vocabulary and practices for anal.pdf}
}

@software{gabaySegmOntoControlledVocabulary2021a,
  title = {{{SegmOnto}}, {{A Controlled Vocabulary}} to {{Describe}} the {{Layout}} of {{Pages}}},
  author = {Gabay, Simon and Camps, Jean-Baptiste and Pinche, Ariane and Carboni, Nicola},
  date = {2021},
  location = {{Paris/Genève}},
  url = {https://github.com/SegmOnto},
  urldate = {2022-04-22},
  organization = {{Ecole Nationale des Chartes, Université de Genève}},
  version = {0.9},
  keywords = {edition},
  annotation = {version 0.9},
  file = {C\:\\Users\\cohum\\Zotero\\storage\\R656PIPQ\\segmonto.github.io.html}
}

@inproceedings{janesAutomaticTEIEncoding2021a,
  title = {Towards Automatic {{TEI}} Encoding via Layout Analysis},
  booktitle = {Fantastic Future 21, 3rd {{International Conference}} on {{Artificial Intelligence}} for {{Librairies}}, {{Archives}} and {{Museums}}},
  author = {Janes, Juliette and Pinche, Ariane and Jahan, Claire and Gabay, Simon},
  date = {2021-12},
  publisher = {{AI for Libraries, Archives, and Museums (ai4lam)}},
  location = {{Paris, France}},
  url = {https://hal.archives-ouvertes.fr/hal-03527287},
  urldate = {2022-08-21},
  keywords = {edition},
  file = {C\:\\Users\\cohum\\Zotero\\storage\\ZWF9CJ87\\Janes et al. - 2021 - Towards automatic TEI encoding via layout analysis.pdf}
}

@thesis{janesCataloguePapierAu2021,
  type = {mémoire de master « Technologies numériques appliquées à l’histoire », dir. Thibault Clérice et Simon Gabay},
  title = {Du catalogue papier au numérique : Une chaîne de traitement ouverte pour l’extraction d’informations issues de documents structurés},
  author = {Janès, Juliette},
  date = {2021},
  institution = {{École nationale des chartes}},
  location = {{Paris, France}},
  url = {https://github.com/Juliettejns/Memoire_TNAH},
  langid = {french},
  keywords = {edition}
}

@article{lepevedicRetourAnnotationsEntites2016a,
  title = {Retour sur les annotations des entités nommées dans les campagnes d’évaluation françaises et comparaison avec la TEI},
  author = {Le Pevedic, Solenn and Maurel, Denis},
  date = {2016-11-22},
  journaltitle = {Corela. Cognition, représentation, langage},
  volume = {2},
  number = {14-2},
  publisher = {{Université de Poitiers}},
  issn = {1638-5748},
  doi = {10.4000/corela.4644},
  url = {https://journals.openedition.org/corela/4644},
  urldate = {2022-08-24},
  abstract = {Dans cet article, nous comparons les campagnes existantes d’annotation d’entités nommées avec la TEI. Après une analyse détaillée, nous préconisons une utilisation de la norme TEI afin d’uniformiser et d’adapter les méthodes d’annotation des entités nommées utilisées, notamment celles des campagnes Etape et Ester, menées dans le contexte francophone.},
  issue = {14},
  langid = {french},
  keywords = {annotations,campagnes d’évaluation,edition,Entités nommées,Ester,Etape,TEI},
  file = {C\:\\Users\\cohum\\Zotero\\storage\\I6Z88K99\\Le Pevedic et Maurel - 2016 - Retour sur les annotations des entités nommées dan.pdf}
}

@article{mayeurPresentationDevenirsTexte2020a,
  title = {Présentation. Les devenirs du texte numérique natif},
  author = {Mayeur, Ingrid and Paveau, Marie-Anne},
  date = {2020-11-20},
  journaltitle = {Corela. Cognition, représentation, langage},
  number = {HS-33},
  publisher = {{Université de Poitiers}},
  issn = {1638-5748},
  doi = {10.4000/corela.11749},
  url = {https://journals.openedition.org/corela/11749},
  urldate = {2022-08-21},
  abstract = {Dans son ouvrage La linguistique textuelle, Jean-Michel Adam proposait de définir la textualité comme «~un ensemble d'opérations qui amènent un sujet à considérer à la projection et/ou à la lecture/audition qu'une suite d'énoncés forme un tout signifiant~» (2011~: 14). Le texte est donc ce qui, aux yeux du lecteur, constitue une unité de sens cohérente. Au stade le plus récent de sa réflexion, qui porte désormais sur le «~faire texte~», il préfère à la définition une interrogation sur «~les f...},
  issue = {HS-33},
  langid = {french},
  keywords = {edition},
  file = {C\:\\Users\\cohum\\Zotero\\storage\\79PS6KVJ\\Mayeur et Paveau - 2020 - Présentation. Les devenirs du texte numérique nati.pdf}
}

@article{munozTextsDocumentsNew2014,
  title = {Texts and {{Documents}}: {{New Challenges}} for {{TEI Interchange}} and {{Lessons}} from the {{Shelley-Godwin Archive}}},
  shorttitle = {Texts and {{Documents}}},
  author = {Muñoz, Trevor and Viglianti, Raffaele},
  date = {2014-12-28},
  journaltitle = {Journal of the Text Encoding Initiative},
  number = {Issue 8},
  publisher = {{Text Encoding Initiative Consortium}},
  issn = {2162-5603},
  doi = {10.4000/jtei.1270},
  url = {https://journals.openedition.org/jtei/1270},
  urldate = {2022-09-05},
  abstract = {The introduction in 2011 of additional “document-focused” (as opposed to “text-focused”) elements represents a significant additional commitment to modeling two distinct ontologies for textual data within the standard governed by the Text Encoding Initiative (TEI) Guidelines. A brief review of projects using the new elements suggests that scholars generally treat the “document-focused” and “text-focused” models as distinct and even severable—the tools of separate interpretive communities within literary studies. This paper will describe challenges encountered by members of the development and editorial teams of the Shelley-Godwin Archive (S-GA) in attempting to produce TEI-encoded data (as well as an accompanying reading environment) that supports both document-focused and text-focused approaches through automated conversion. Based on the experience of the S-GA teams, the increase in expressiveness achieved through the addition of document-focused elements to the TEI standard also raises the stakes for “interchange” between and among data modeled according to these parallel approaches.},
  issue = {8},
  langid = {english},
  keywords = {digital archive,diplomatic transcript,edition,interchange,linked data,manuscript encoding,Romanticism,schema design},
  file = {C\:\\Users\\cohum\\Zotero\\storage\\SY7GLTXP\\Muñoz et Viglianti - 2014 - Texts and Documents New Challenges for TEI Interc.pdf}
}

@online{NamesSellNameda,
  title = {Names Sell: {{Named}} Entity Recognition in {{TEI Publisher}} – e-Editiones},
  shorttitle = {Names Sell},
  url = {https://e-editiones.org/names-sell-named-entity-recognition-in-tei-publisher/},
  urldate = {2022-08-06},
  langid = {american},
  keywords = {edition},
  file = {C\:\\Users\\cohum\\Zotero\\storage\\4D7IP8GQ\\names-sell-named-entity-recognition-in-tei-publisher.html}
}

@article{paloque-bergesSourcesNativementNumeriques2016a,
  title = {Les sources nativement numériques pour les sciences humaines et sociales},
  author = {Paloque-Berges, Camille},
  date = {2016},
  journaltitle = {Histoire@Politique},
  shortjournal = {Histoire@Politique},
  volume = {30},
  number = {3},
  pages = {221--244},
  publisher = {{Centre d'histoire de Sciences Po}},
  issn = {1954-3670},
  doi = {10.3917/hp.030.0221},
  url = {https://www.cairn.info/revue-histoire-politique-2016-3-page-221.htm},
  urldate = {2022-08-16},
  abstract = {Cet article vient proposer une synthèse et une extension d’une journée d’étude prenant pour problématique les questions méthodologiques et épistémologiques associées aux sources numériques natives (SNN), c’est-à-dire produites originellement dans le contexte d’usage des outils et environnements numériques. On s’attache d’abord à décrire le type de sources dont il s’agit du point de vue de leur matérialité, afin de les faire apparaître derrière le mille-feuille des artefacts informatiques. Données, code, documents, équipement : autant de niveaux allant du logiciel au matériel informatique dans lesquels s’inscrivent les gestes et mots du présent. Ces sources sont ensuite considérées à travers le processus de mise en archive, censée leur donner une valeur patrimoniale stable – et soulevant les problématiques de l’originalité, de l’intégrité et de l’authenticité de ces sources. Enfin, un échantillon de méthodologies associées à l’analyse des SNN est présenté à travers une observation à plusieurs échelles, avant de conclure ce tour d’horizon par les questionnements épistémologiques entraînés par la réflexivité du chercheur qui les manipule.},
  langid = {french},
  keywords = {archives,edition,épistémologie,méthodologie,Numérique,réseaux,sources},
  file = {C\:\\Users\\cohum\\Zotero\\storage\\2WVQYEYN\\Paloque-Berges - 2016 - Les sources nativement numériques pour les science.pdf;C\:\\Users\\cohum\\Zotero\\storage\\WEERFI5X\\revue-histoire-politique-2016-3-page-221.html}
}

@inproceedings{pincheFaireEditionNativement2018a,
  title = {Faire Une Édition Nativement Numérique : Un Nouveau Rapport Au Texte ?},
  shorttitle = {Faire Une Édition Nativement Numérique},
  booktitle = {Séminaire Du Laboratoire {{ÉRIC}}},
  author = {Pinche, Ariane},
  date = {2018-01},
  location = {{Lyon, France}},
  url = {https://halshs.archives-ouvertes.fr/halshs-01801316},
  urldate = {2022-08-21},
  keywords = {edition},
  file = {C\:\\Users\\cohum\\Zotero\\storage\\DMK8AUS5\\halshs-01801316.html}
}

@inproceedings{pincheSegmOntoControlledVocabulary2022a,
  title = {{{SegmOnto}}\,– {{A Controlled Vocabulary}} to {{Describe Historical Textual Sources}}},
  booktitle = {Documents Anciens et Reconnaissance Automatique Des Écritures {{manuscritesDocuments}} Anciens et Reconnaissance Automatique Des Écritures Manuscrites},
  author = {Pinche, Ariane and Gabay, Simon and Christensen, Kelly},
  date = {2022-06-23/2022-06-24},
  publisher = {{Ecole nationale des chartes}},
  location = {{Paris, France}},
  keywords = {edition}
}

@thesis{rondeaudunoyerEncoderAutomatiquementCatalogues2019,
  type = {mémoire pour le diplôme de master « Technologies numériques appliquées à l’histoire », dir. Thibault Clérice et Simon Gabay},
  title = {Encoder automatiquement des catalogues en XML-TEI. Principes, évaluation et application à la revue des autographes de la librairie Charavay},
  author = {Rondeau du Noyer, Lucie},
  date = {2019-09-01T20:46:42Z},
  origdate = {2019-09-01T14:57:34Z},
  institution = {{Ecole nationale des chartes}},
  location = {{Paris, France}},
  url = {https://github.com/lairaines/M2TNAH/blob/429079b2d9723dc85a3e8ba07f84c0b7e18717d1/RondeauduNoyer_M2TNAH.pdf},
  urldate = {2022-09-01},
  langid = {french},
  keywords = {edition}
}

@software{TEIPublisher2022,
  title = {{{TEI}} Publisher},
  date = {2022-07-03T06:31:31Z},
  origdate = {2020-06-03T11:37:11Z},
  url = {https://github.com/eeditiones/tei-publisher-app},
  urldate = {2022-09-02},
  abstract = {The main TEI Publisher app},
  organization = {{e-editiones}},
  version = {7.1.0},
  keywords = {edition,tei-publisher,tei-xml}
}

@inproceedings{toselliDigitalEditionsDistant2021a,
  title = {Digital {{Editions}} as {{Distant Supervision}} for {{Layout Analysis}} of {{Printed Books}}},
  booktitle = {International {{Conference}} on {{Document Analysis}} and {{Recognition}}. {{Springer}}},
  author = {Toselli, Alejandro H. and Wu, Si and Smith, David A.},
  date = {2021},
  volume = {12822},
  eprint = {2112.12703},
  eprinttype = {arxiv},
  primaryclass = {cs},
  pages = {462--476},
  publisher = {{Springer}},
  location = {{Lausanne, Suisse}},
  doi = {10.1007/978-3-030-86331-9_30},
  url = {http://arxiv.org/abs/2112.12703},
  urldate = {2022-08-26},
  abstract = {Archivists, textual scholars, and historians often produce digital editions of historical documents. Using markup schemes such as those of the Text Encoding Initiative and EpiDoc, these digital editions often record documents' semantic regions (such as notes and figures) and physical features (such as page and line breaks) as well as transcribing their textual content. We describe methods for exploiting this semantic markup as distant supervision for training and evaluating layout analysis models. In experiments with several model architectures on the half-million pages of the Deutsches Textarchiv (DTA), we find a high correlation of these region-level evaluation methods with pixel-level and word-level metrics. We discuss the possibilities for improving accuracy with self-training and the ability of models trained on the DTA to generalize to other historical printed books.},
  archiveprefix = {arXiv},
  keywords = {Computer Science - Computer Vision and Pattern Recognition,edition},
  file = {C\:\\Users\\cohum\\Zotero\\storage\\SKNVFIZB\\Toselli et al. - 2021 - Digital Editions as Distant Supervision for Layout.pdf;C\:\\Users\\cohum\\Zotero\\storage\\Q3C6Y7ID\\2112.html}
}

@online{vertongenQuEstceQu2022,
  type = {Billet},
  title = {Qu’est-ce qu’un projet d’édition critique numérique ?},
  author = {Vertongen, Caroline Blanc Feracci et Marthe},
  date = {2022-03-01},
  url = {https://dlis.hypotheses.org/5790},
  urldate = {2022-08-20},
  abstract = {Après des études de lettres et de sciences humaines, Caroline Blanc Feracci a intégré le master 2 Publication numérique à l’Enssib pour parachever sa formation. Après des études pluridisciplinaires de lettres et de mathématiques, Marthe Vertongen est actuellement étudiante en double master 2 Publication Numérique et Humanités Numériques à l’Enssib. Petite étude d’objets éditoriaux qui … Continuer la lecture de Qu’est-ce qu’un projet d’édition critique numérique ?  →},
  langid = {french},
  organization = {{DLIS}},
  keywords = {edition},
  file = {C\:\\Users\\cohum\\Zotero\\storage\\R9XBERDF\\5790.html}
}


