
@book{bengoaHistoriaPuebloMapuche1987,
  title = {Historia Del Pueblo Mapuche ({{Siglo XIX}} y {{XX}})},
  author = {Bengoa, José},
  date = {1987},
  edition = {Ediciones Sur},
  location = {{Santiago, Chili}},
  keywords = {histoire}
}

@book{bengoaMemoriaOlvidadaHistoria2004,
  title = {La memoria olvidada: historia de los pueblos indígenas de Chile},
  shorttitle = {La memoria olvidada},
  author = {Bengoa, José},
  date = {2004},
  edition = {Cuadernos Bicentenario, Presidencia de la República},
  location = {{Santiago, Chili}},
  isbn = {978-956-7892-04-4},
  langid = {spanish},
  pagetotal = {810},
  keywords = {histoire}
}

@article{boccaraOrganisationSocialeGuerre1999a,
  title = {Organisation sociale, guerre de captation et ethnogenèse chez les Reche-Mapuche à l'époque coloniale},
  author = {Boccara, Guillaume},
  date = {1999},
  journaltitle = {Homme},
  volume = {39},
  number = {150},
  pages = {85--117},
  publisher = {{Persée - Portail des revues scientifiques en SHS}},
  doi = {10.3406/hom.1999.453568},
  url = {https://www.persee.fr/doc/hom_0439-4216_1999_num_39_150_453568},
  urldate = {2022-09-12},
  langid = {fre},
  keywords = {histoire},
  file = {C\:\\Users\\cohum\\Zotero\\storage\\XR9VG6ZT\\hom_0439-4216_1999_num_39_150_453568.html}
}

@article{canalestapiaHistoriografiaMapucheBalances2015,
  title = {Historiografía Mapuche: balances y perspectivas de discusión en el Chile reciente},
  shorttitle = {Historiografía Mapuche},
  author = {Canales Tapia, Pedro and Pinto Rodríguez, Jorge},
  date = {2015-07-15},
  journaltitle = {Izquierdas},
  number = {24},
  publisher = {{USACH - Instituto de Estudios Avanzados de la Universidad de Santiago de Chile}},
  issn = {0718-5049},
  url = {https://journals.openedition.org/izquierdas/358?lang=fr},
  urldate = {2022-09-15},
  abstract = {En el siguiente trabajo se presenta una mirada panorámica de la situación actual de lo que se ha dado a llamar Historiografía Mapuche. Por medio de la una conversación franca y necesaria con el historiador chileno y premio nacional e historia, Jorge Pinto Rodríguez, se va articulando una discusión que da cuenta de desafíos y proyecciones tanto para los investigadores y cientistas sociales Mapuche como en los procesos de dialogo con sus pares chilenos.},
  issue = {24},
  langid = {spanish},
  keywords = {Chile reciente,dialogo mapuche-chileno,histoire,historiografía mapuche,intelectuales mapuche,situación indígena},
  file = {C\:\\Users\\cohum\\Zotero\\storage\\NU4MAVDX\\Canales Tapia et Pinto Rodríguez - 2015 - Historiografía Mapuche balances y perspectivas de.pdf}
}

@report{carmenramallodiazdelTranscripcionDocumentosSerie2014,
  title = {Transcripción de Los Documentos  de La Serie “Pacificación de La Araucanía” ({{Colección}} Manuscritos)},
  author = {Carmen Ramallo Díaz (del), Cecilia},
  date = {2014-06},
  pages = {30},
  institution = {{Archivo Central Andrés Bello}},
  location = {{Santiago, Chili}},
  keywords = {histoire}
}

@article{lacosteConstructionDiscursiveEvenement2016,
  title = {La construction discursive de l’événement conflit mapuche dans la presse écrite chilienne},
  author = {Lacoste, Pablo Segovia},
  date = {2016},
  journaltitle = {Synergies Chili},
  number = {12},
  pages = {73--87},
  abstract = {This work analyses the construction of the Mapuche conflict event in two national newspapers from the French Discourse Analysis perspective. Firstly, the historical background of the so-called Mapuche conflict will be studied. Secondly, the discursive construction of the Mapuche conflict event and its implications at social level will be analysed. And lastly, the representation by the press of the different participants in this event will be studied. The corpus is composed by a group of national newspaper’s articles from El Mercurio and La Nación, beginning in March of 2014 to May of 2016.},
  langid = {french},
  keywords = {chili,histoire},
  file = {C\:\\Users\\cohum\\Zotero\\storage\\FZPULXHU\\Lacoste - 2016 - La construction discursive de l’événement conflit .pdf}
}

@article{nouailleIndependanceChiliConsequences2012,
  title = {L’indépendance du Chili : les conséquences sur le peuple mapuche (1810-2010)},
  shorttitle = {L’indépendance du Chili},
  author = {Nouaille, Thierry},
  date = {2012-09-01},
  journaltitle = {América. Cahiers du CRICCAL},
  number = {42},
  pages = {131--143},
  publisher = {{Presses de la Sorbonne Nouvelle}},
  issn = {0982-9237},
  doi = {10.4000/america.1111},
  url = {https://journals.openedition.org/america/1111?lang=en},
  urldate = {2022-09-12},
  abstract = {On a fêté, le 18 septembre 2010, le bicentenaire de l’indépendance du Chili. Le présent travail montre que les diverses tentatives étatiques d’imposer au peuple mapuche la souveraineté de la République n’eurent pas l’effet escompté. Entre 1810 et 2010, malgré des méthodes pour la plupart destructrices, le peuple autochtone du Chili offre une résistance culturelle notable. Au début du XXIe siècle, les mapuche se mobilisent pour obtenir le statut de «~Nation~» et demandent l’autonomie. Cela pose le problème de la reconnaissance culturelle et juridique du peuple indigène alors que Sebastián Piñera vient d’accéder à la présidence de la République le 11 mars 2010. Nul doute que le cas mapuche, depuis longtemps occulté, va devenir un des axes prioritaires de la politique chilienne de ce nouveau siècle.},
  issue = {42},
  langid = {french},
  keywords = {autonomie,Chili,histoire,indépendance,mapuche,résistance}
}

@article{quemenadoGeoestrategiaConflictoChileno2017a,
  title = {La geoestrategia en el conflicto chileno mapuche: la configuración del Estado Nación (1830-1869)},
  shorttitle = {La geoestrategia en el conflicto chileno mapuche},
  author = {Quemenado, Pablo Mariman},
  date = {2017},
  journaltitle = {Anales de la Universidad de Chile},
  number = {13},
  pages = {39--57},
  issn = {0717-8883},
  doi = {10.5354/0717-8883.2017.48995},
  url = {https://anales.uchile.cl/index.php/ANUC/article/view/48995},
  urldate = {2022-09-12},
  issue = {13},
  langid = {spanish},
  keywords = {histoire},
  file = {C\:\\Users\\cohum\\Zotero\\storage\\43USUPYJ\\Quemenado - 2017 - La geoestrategia en el conflicto chileno mapuche .pdf}
}

@book{solanoasta-buruagaDiccionarioGeograficoRepublica1899,
  title = {Diccionario Geográfico de la República de Chile},
  author = {Solano Asta-Buruaga, Francisco},
  date = {1899},
  edition = {Segunda edición corregida y aumentada},
  location = {{Santiago, Chili}},
  url = {https://es.wikisource.org/wiki/Diccionario_Geogr%C3%A1fico_de_la_Rep%C3%BAblica_de_Chile},
  urldate = {2022-08-31},
  langid = {spanish},
  pagetotal = {903},
  keywords = {histoire},
  file = {C\:\\Users\\cohum\\Zotero\\storage\\C4T6EFGV\\Diccionario_Geográfico_de_la_República_de_Chile.html}
}


