
@online{bardiotHappyAPIsDebridonsa,
  type = {Billet},
  title = {Happy APIs : Débridons les APIS pour développer les humanités numériques},
  shorttitle = {Happy APIs},
  author = {Bardiot, Clarisse},
  url = {https://dorradh.hypotheses.org/66},
  urldate = {2022-07-18},
  abstract = {english below… Ce billet pourra sembler rageur à certains, le fruit d’un énervement outrepassé ou encore d’une incompétence notoire à d’autres. Nous aimerions surtout qu’il soit l’occasion de faire avancer les pratiques des humanités...},
  langid = {french},
  organization = {{DORRA-DH}},
  keywords = {humanites},
  file = {C\:\\Users\\cohum\\Zotero\\storage\\IRNAZYUP\\66.html}
}

@book{boullierSociologieNumerique2016,
  title = {Sociologie du numérique},
  author = {Boullier, Dominique},
  date = {2016-04-27},
  publisher = {{Armand Colin}},
  location = {{Paris}},
  isbn = {978-2-200-29165-5},
  langid = {french},
  pagetotal = {352},
  keywords = {humanites}
}

@incollection{bourgeoisUsingTopicGeneration2022,
  title = {Using {{Topic Generation Model}} to Explore the {{French Parliamentary Debates}} during the Early {{Third Republic}} (1881-1899)},
  booktitle = {{{DiPaDA}} 2022 {{Digital Parliamentary Data}} in {{Action}} 2022. {{Proceedings}} of the {{Digital Parliamentary Data}} in {{Action}} ({{DiPaDA}} 2022) {{Workshop}} Co-Located with 6th {{Digital Humanities}} in the {{Nordic}} and {{Baltic Countries Conference}} ({{DHNB}} 2022)},
  author = {Bourgeois, Nicolas and Pellet, Aurélien and Puren, Marie},
  editor = {Mela, Matti La and Norén, Fredrik and Hyvönen, Eero},
  date = {2022-05},
  series = {{{CEUR Workshop Proceedings}}},
  volume = {3133},
  pages = {35--51},
  url = {https://hal.archives-ouvertes.fr/hal-03526254},
  urldate = {2022-09-07},
  abstract = {In this long paper, we use NLP techniques to explore two decades (1881-1899) of parliamentary debates of the French Third Republic (1870-1940), and more specifically to analyse the importance of the army in the political debate. We use Latent Dirichlet Allocation to partition the vocabulary into topics, and then study the distribution of the topic "army" over time. We also examine its connection with other topics, in relation to the main political and military events of the period.},
  keywords = {Early Third Republic (1881-1899),France,humanites,Natural Language Processing,Parliamentary Debates,Topic Modelling},
  file = {C\:\\Users\\cohum\\Zotero\\storage\\P3ATA7UV\\Bourgeois et al. - 2022 - Using Topic Generation Model to explore the French.pdf}
}

@online{centrepourlacommunicationscientifiquedirectePrincipesFAIR,
  title = {Principes {{FAIR}}},
  author = {Centre pour la Communication Scientifique Directe},
  url = {https://www.ccsd.cnrs.fr/principes-fair/},
  urldate = {2022-09-05},
  organization = {{CCSD | Centre pour la Communication Scientifique Directe}},
  keywords = {humanites},
  file = {C\:\\Users\\cohum\\Zotero\\storage\\Y7AHQAVK\\principes-fair.html}
}

@article{ederMindYourCorpus2013,
  title = {Mind Your Corpus: Systematic Errors in Authorship Attribution},
  shorttitle = {Mind Your Corpus},
  author = {Eder, Maciej},
  date = {2013-12-01},
  journaltitle = {Literary and Linguistic Computing},
  shortjournal = {Literary and Linguistic Computing},
  volume = {28},
  number = {4},
  pages = {603--614},
  issn = {0268-1145},
  doi = {10.1093/llc/fqt039},
  url = {https://doi.org/10.1093/llc/fqt039},
  urldate = {2022-08-29},
  abstract = {In computational stylistics, any influence of unwanted noise—e.g. caused by an untidily prepared corpus—might lead to biased or false results. Relying on contaminated data is similar to using dirty test tubes in a laboratory: it inescapably means falling into systematic error. An important question is what degree of nonchalance is acceptable to obtain sufficiently reliable results. The present study attempts to verify the impact of unwanted noise in a series of experiments conducted on several corpora of English, German, Polish, Ancient Greek, and Latin prose texts. In 100 iterations, a given corpus was gradually damaged, and controlled tests for authorship were applied. The first experiment was designed to show the correlation between a dirty corpus and attribution accuracy. The second was aimed to test how disorder in word frequencies—produced by scribal and/or editorial modifications—affects the attribution abilities of particular corpora. The goal of the third experiment was to test how much ‘authorial’ data a given text needs to have to trace authorial fingerprint through a mass of external quotations.},
  keywords = {humanites},
  file = {C\:\\Users\\cohum\\Zotero\\storage\\NQWNRWF4\\1077777.html}
}

@book{foucaultDitsEcrits195419881994a,
  title = {Dits et écrits, 1954-1988},
  author = {Foucault, Michel and Lagrange, Jacques},
  editor = {Defert, Daniel and Ewald, François},
  year = {impr. 1994},
  publisher = {{Gallimard}},
  location = {{Paris, France}},
  issn = {0768-0570},
  langid = {french},
  pagetotal = {854},
  keywords = {B 2430 .F724,Foucault; Michel (1926-1984) -- Entretiens,humanites,Philosophie -- France -- 20e siècle},
  file = {C\:\\Users\\cohum\\Zotero\\storage\\A3YWW8BK\\SRCH.html}
}

@article{gayolPresentePerspectivasHumanidades2017,
  title = {Presente y perspectivas de las humanidades digitales en América Latina},
  author = {Gayol, Víctor and Melo Flórez, Jairo Antonio},
  date = {2017-11-15},
  journaltitle = {Mélanges de la Casa de Velázquez. Nouvelle série},
  volume = {2},
  number = {47-2},
  pages = {281--284},
  publisher = {{Casa de Velázquez}},
  issn = {0076-230X},
  doi = {10.4000/mcv.7907},
  url = {https://journals.openedition.org/mcv/7907},
  urldate = {2022-08-16},
  abstract = {La presente contribución es una revisión crítica de los debates sobre humanidades digitales e historia digital en América Latina y su potencial para convertirse en un campo disciplinar.},
  isbn = {9788490960875},
  issue = {47},
  langid = {spanish},
  keywords = {América latina,humanidades digitales,humanites,límites y perspectivas}
}

@article{gefenEnjeuxEpistemologiquesHumanites2015,
  title = {Les enjeux épistémologiques des humanités numériques},
  author = {Gefen, Alexandre},
  date = {2015-04-25},
  journaltitle = {Socio. La nouvelle revue des sciences sociales},
  number = {4},
  pages = {61--74},
  publisher = {{Éditions de la maison des sciences de l’homme}},
  issn = {2266-3134},
  doi = {10.4000/socio.1296},
  url = {https://journals.openedition.org/socio/1296},
  urldate = {2022-09-07},
  abstract = {En sciences humaines comme en science dures, les numérisations massives des textes et des données produisent depuis plus d’une décennie des big data ou long data ouvrant des pistes de recherche novatrices. Mais les méthodes critiques qui les accompagnent ont des enjeux épistémologiques, institutionnels et pédagogiques considérables. Dans ce qu’on appelle désormais les « humanités numériques », la lecture à distance de corpus constitués par des cartes et graphes offre une forme spécifique de savoir et un paradigme méthodologique et épistémologique qu’il importe de saisir dans toute sa puissante heuristique, sans se laisser entraîner par l’idée naïve d’une production transparente de savoirs par moissonnage des corpus, masse de données qui restent des artéfacts muets en l’absence d’une herméneutique spécifique.},
  isbn = {9782735120352},
  issue = {4},
  langid = {french},
  keywords = {big data,critique,épistémologie des sciences sociales,histoire littéraire,humanites,humanités numériques,lexicographie,sciences collaboratives,sciences de la culture,théorie de la littérature},
  file = {C\:\\Users\\cohum\\Zotero\\storage\\N9J69TK9\\Gefen - 2015 - Les enjeux épistémologiques des humanités numériqu.pdf}
}

@article{jacqueminLibreAccesDonnees2019,
  title = {Libre accès et données de recherche. De l’utopie à l’idéal réaliste},
  author = {Jacquemin, Bernard and Schöpfel, Joachim and Fabre, Renaud},
  date = {2019-06-01},
  journaltitle = {Études de communication. langages, information, médiations},
  number = {52},
  pages = {11--26},
  publisher = {{Groupe d’Études et de Recherche Interdisciplinaire en Information et Communication de l’Université Lille 3}},
  issn = {1270-6841},
  doi = {10.4000/edc.8468},
  url = {https://journals.openedition.org/edc/8468},
  urldate = {2022-09-13},
  abstract = {L’ouverture des données de la recherche, née à la fois de la mouvance Open (logiciel, données publiques, publications scientifiques) et de l’incitation des commanditaires institutionnels nationaux et internationaux, soulève des interrogations non seulement techniques, mais aussi épistémologiques, éthiques, politiques. Cet article étudie les questions posées lors de l’élaboration de l’action de recherche et de la planification de l’ouverture des données, lors de la collecte des données nécessitant leur description en vue de leur conservation, et lors de leur mise à disposition depuis les entrepôts de stockage. Ce texte revient également sur les initiatives d’incitation institutionnelles et les mesures d’accompagnement qui soutiennent la politique d’ouverture des données de la recherche, et fait le point sur l’attitude volontariste des décideurs au plus haut niveau de l’État.},
  isbn = {9782917562215},
  issue = {52},
  langid = {french},
  keywords = {diffusion.,données de la recherche,éthique,humanites,Ouverture des données,politique d’ouverture description,politique des données},
  file = {C\:\\Users\\cohum\\Zotero\\storage\\PDMLGG5D\\Jacquemin et al. - 2019 - Libre accès et données de recherche. De l’utopie à.pdf}
}

@inproceedings{mcgillivrayDigitalHumanitiesNatural2020,
  title = {Digital {{Humanities}} and {{Natural Language Processing}}: “{{Je}} t’aime... {{Moi}} Non Plus”},
  author = {McGillivray, Barbara and Poibeau, Thierry},
  date = {2020-08-03},
  volume = {14--2},
  pages = {11},
  abstract = {In spite of the increasingly large textual datasets humanities researchers are confronted with, and the need for automatic tools to extract information from them, we observe a lack of communication and diverging goals between the communities of Natural Language Processing (NLP) and Digital Humanities (DH). This contrasts with the wealth of potential opportunities that could arise from closer collaborations. We argue that more efforts are needed to make NLP tools work for DH datasets so that that NLP research applied to humanities data receives more attention, leading to the development of evaluation approaches tailored towards relevant research questions. This has the potential to bring methodological advances to NLP, while at the same time confronting DH datasets with powerful state-of-the-art techniques.},
  eventtitle = {Alliance of {{Digital Humanities}}},
  langid = {english},
  keywords = {humanites},
  file = {C\:\\Users\\cohum\\Zotero\\storage\\23QSRJZ2\\McGillivray et Poibeau - Digital Humanities and Natural Language Processing.pdf}
}

@online{MichelFoucaultNumerique2021a,
  title = {Michel Foucault numérique.},
  author = {Sforzini, Arianna},
  date = {2021-07-16T17:23:59+00:00},
  url = {https://www.implications-philosophiques.org/michel-foucault-numerique/},
  urldate = {2022-08-16},
  abstract = {La dimension des archives, dans leur matérialité de fonds documentaires déposés dans des institutions dédiées à la conservation de la mémoire, est aujourd’hui soumise à des injonctions inédites et à une véritable révolution de sens et d’usage, liée à l’émergence des savoirs numériques. À partir d’une expérience directe d’application des outils numériques au fonds archivistique Michel Foucault récemment acquis par la Bibliothèque nationale de France, mon article se propose de réfléchir aux nouveaux enjeux épistémiques que les technologies numériques ouvrent dans leur application à la pratique des archives. Les archives Foucault sont-elles en train de devenir une « archive », au sens foucaldien du terme ?},
  langid = {french},
  organization = {{Implications philosophiques}},
  keywords = {humanites},
  file = {C\:\\Users\\cohum\\Zotero\\storage\\INE7AL3E\\michel-foucault-numerique.html}
}

@inproceedings{monclaAutomaticExtractionMethod2018,
  title = {An Automatic Extraction Method of Static and Dynamic Spatial Contexts from Texts},
  booktitle = {Atelier {{Science}} Des {{Données}} et {{Humanités Numériques}} ({{SDHN}}), {{Conférence Internationale Francophone}} Sur l'{{Extraction}} et La {{Gestion}} de {{Connaissance}} ({{EGC}} 2018)},
  author = {Moncla, Ludovic and Gaio, Mauro and Egorova, Ekaterina and Claramunt, Christophe},
  date = {2018-01},
  location = {{Paris, France}},
  url = {https://hal.archives-ouvertes.fr/hal-01695643},
  urldate = {2022-09-02},
  abstract = {Spatial descriptions, with or without motion, are the main issues addressed by this paper. We describe construction grammars implemented in the PERDIDO platform with cascaded finite-state transducers which aims at marking and formalizing relations between extended named entities, geographical terms, spatial relations and motion verbs. These grammars can be seen as a computational synthesis of the work on the expression of space and motion in natural language. The proposed method for geographical information extraction has been tested for three different projects within the digital humanities using specific corpora. The first task deals with the extraction of place names from French novels, the second task deals with the extraction of motion events from hiking descriptions written in Romance languages (French, Spanish and Italian) and the third task aims at identifying fictive motion expressions in English alpine journals.},
  keywords = {humanites},
  file = {C\:\\Users\\cohum\\Zotero\\storage\\A8CZ4H76\\Moncla et al. - 2018 - An automatic extraction method of static and dynam.pdf}
}

@book{mounierHumanitesNumeriquesHistoire2018a,
  title = {Les humanités numériques : Une histoire critique},
  shorttitle = {Les humanités numériques},
  author = {Mounier, Pierre},
  date = {2018-10-24},
  series = {Interventions},
  publisher = {{Éditions de la Maison des sciences de l’homme}},
  location = {{Paris}},
  url = {http://books.openedition.org/editionsmsh/12006},
  urldate = {2022-08-16},
  abstract = {Quel avenir faut-il prédire aux humanités ? Les signes d'une désaffection pour la culture humaniste se sont multipliés au cours des dernières années en France et ailleurs. Dans ce contexte morose et déprimé, le développement des humanités numériques apparaît à certains comme une planche de salut pour des disciplines autrement condamnées à disparaître. Toutefois, réinventer les humanités par le numérique suppose de relever trois défis de taille : leur rapport à la technique, leur relation au politique et enfin à la science elle-même. Les humanités numériques sont très critiquées : pour certains elles relèvent de la poudre aux yeux, pour d'autres, elles constituent une menace extraordinaire. Mais s'il y a bien quelque chose que l'on ne peut contester, c'est leur capacité à poser de bonnes questions aux différentes disciplines des sciences humaines et sociales. Penser la place que les humanités doivent tenir dans notre monde implique d'en redéfinir le contrat social et épistémique. Elles sont riches d'opportunités de ce point de vue : à condition de ne pas dénaturer la spécificité humanistique des pratiques de recherche auxquelles elles s'appliquent.},
  isbn = {978-2-7351-2483-1},
  langid = {french},
  pagetotal = {176},
  keywords = {digital studies,épistémologie,humanisme,humanites,Humanités,IBM,numérique,sciences humaines et sociales,technoscience,théorie critique}
}

@article{ogilvieParadoxesArchive2017a,
  title = {Paradoxes de «~l’archive~»},
  author = {Ogilvie, Denise},
  date = {2017},
  journaltitle = {Sociétés \& Représentations},
  shortjournal = {Sociétés \& Représentations},
  volume = {43},
  number = {1},
  pages = {121--134},
  publisher = {{Éditions de la Sorbonne}},
  location = {{Paris}},
  issn = {1262-2966},
  doi = {10.3917/sr.043.0121},
  url = {https://www.cairn.info/revue-societes-et-representations-2017-1-page-121.htm},
  urldate = {2022-08-17},
  abstract = {Au cours des décennies 1970 et 1980, Michel de Certeau a proposé d’introduire les théories psychanalytiques dans le travail de l’historien. De nombreux livres et articles ont salué l’originalité et la fécondité de son oeuvre. Ce volume tente de penser, après ce moment «~Certeau~», la présence, aujourd’hui, de la psychanalyse dans les études historiques. Partant du constat que la psychanalyse ne constitue plus aujourd’hui la discipline miroir avec laquelle les sciences sociales ont longtemps dialogué, il est apparu nécessaire d’interroger cette distance, et de demander à une génération de chercheurs comment ils envisagent aujourd’hui cette relation. Au moment où se constituent les archives de la psychanalyse, alors que la figure de l’historien à la première personne domine, et tandis que les travaux sur les archives ne cessent – l’air de rien – de s’approprier un vocabulaire très largement analytique, reposer la question de ce voisinage a semblé utile pour mieux comprendre comment s’écrit l’histoire aujourd’hui. Selon des modalités d’écriture très diverses, les neuf contributeurs de ce dossier ont ainsi accepté de se livrer à un exercice singulier. Archéologues, archivistes, historiens du contemporain ont repris au sérieux cette question de la psychanalyse en posant noir sur blanc la manière dont elle travaille leurs recherches~: ainsi est-elle tantôt objet, tantôt outil, mais elle apparaît parfois aussi comme l’enjeu central de la quête historienne.},
  langid = {french},
  keywords = {humanites},
  file = {C\:\\Users\\cohum\\Zotero\\storage\\89CUZXHS\\revue-societes-et-representations-2017-1-page-121.html}
}

@report{OpenScienceLatin2020,
  title = {Open {{Science}} in {{Latin America}} and the {{Caribbean}}: A Strong Tradition with a Long Journey Ahead},
  shorttitle = {Open {{Science}} in {{Latin America}} and the {{Caribbean}}},
  date = {2020-09},
  institution = {{UNESCO}},
  url = {https://en.unesco.org/news/open-science-latin-america-and-caribbean-strong-tradition-long-journey-ahead},
  urldate = {2022-09-05},
  langid = {english},
  keywords = {humanites},
  file = {C\:\\Users\\cohum\\Zotero\\storage\\95MHK4ZE\\open-science-latin-america-and-caribbean-strong-tradition-long-journey-ahead.html}
}

@misc{purenLectureDistanteIntroduction2020a,
  title = {La Lecture Distante : Introduction et Exemples d'application},
  shorttitle = {La Lecture Distante},
  author = {Puren, Marie},
  date = {2020-11},
  location = {{France}},
  url = {https://hal.archives-ouvertes.fr/hal-03152747},
  urldate = {2022-09-07},
  keywords = {humanites},
  file = {C\:\\Users\\cohum\\Zotero\\storage\\438V8MKU\\Puren - 2020 - La lecture distante  introduction et exemples d'a.pdf}
}

@article{russellGeographicalLinguisticDiversity,
  title = {Geographical and Linguistic Diversity in the {{Digital Humanities}}},
  author = {Russell, Isabel Galina},
  date = {2014-09},
  journaltitle = {Literary and Linguistic Computing},
  volume = {3},
  number = {29},
  pages = {307--316},
  doi = {10.1093/llc/fqu005},
  abstract = {Digital Humanities (DH) has come a long way towards establishing itself as a dynamic and innovative field of study. However, it has been pointed out that the DH community predominantly comprises scholars from a handful of mainly English-speaking countries, and a current challenge is achieving a broader inter-nationalization of the DH community. This article provides an overview of the landscape in terms of geo-linguistic diversity, as well as reviewing current DH initiatives to broaden regional and linguistic diversity and identifies some of the main challenges ahead. The aim of this article is to serve as a benchmark of the current situation and suggest areas where further research is required.},
  keywords = {humanites},
  file = {C\:\\Users\\cohum\\Zotero\\storage\\KIYP54G4\\Russell - Geographical and linguistic diversity in the Digit.pdf;C\:\\Users\\cohum\\Zotero\\storage\\Y74IXMIX\\download.html}
}

@book{undpNextFrontierHuman2020a,
  title = {The next Frontier: Human Development and the {{Anthropocene}}},
  shorttitle = {The next Frontier},
  editor = {UNDP},
  date = {2020},
  series = {Human Development Report},
  number = {2020},
  publisher = {{United Nations Development Programme}},
  location = {{New York, Etats-Unis}},
  isbn = {978-92-1-005516-1 978-92-1-126442-5},
  langid = {english},
  pagetotal = {396},
  keywords = {humanites},
  file = {C\:\\Users\\cohum\\Zotero\\storage\\62ATPRX4\\UNDP - 2020 - The next frontier human development and the Anthr.pdf}
}

@article{wilkinsonFAIRGuidingPrinciples2016a,
  title = {The {{FAIR Guiding Principles}} for Scientific Data Management and Stewardship},
  author = {Wilkinson, Mark D. and Dumontier, Michel and Aalbersberg, IJsbrand Jan and Appleton, Gabrielle and Axton, Myles and Baak, Arie and Blomberg, Niklas and Boiten, Jan-Willem and da Silva Santos, Luiz Bonino and Bourne, Philip E. and Bouwman, Jildau and Brookes, Anthony J. and Clark, Tim and Crosas, Mercè and Dillo, Ingrid and Dumon, Olivier and Edmunds, Scott and Evelo, Chris T. and Finkers, Richard and Gonzalez-Beltran, Alejandra and Gray, Alasdair J. G. and Groth, Paul and Goble, Carole and Grethe, Jeffrey S. and Heringa, Jaap and ’t Hoen, Peter A. C. and Hooft, Rob and Kuhn, Tobias and Kok, Ruben and Kok, Joost and Lusher, Scott J. and Martone, Maryann E. and Mons, Albert and Packer, Abel L. and Persson, Bengt and Rocca-Serra, Philippe and Roos, Marco and van Schaik, Rene and Sansone, Susanna-Assunta and Schultes, Erik and Sengstag, Thierry and Slater, Ted and Strawn, George and Swertz, Morris A. and Thompson, Mark and van der Lei, Johan and van Mulligen, Erik and Velterop, Jan and Waagmeester, Andra and Wittenburg, Peter and Wolstencroft, Katherine and Zhao, Jun and Mons, Barend},
  options = {useprefix=true},
  date = {2016-03-15},
  journaltitle = {Scientific Data},
  shortjournal = {Sci Data},
  volume = {3},
  number = {1},
  pages = {160018},
  publisher = {{Nature Publishing Group}},
  issn = {2052-4463},
  doi = {10.1038/sdata.2016.18},
  url = {https://www.nature.com/articles/sdata201618},
  urldate = {2022-08-16},
  abstract = {There is an urgent need to improve the infrastructure supporting the reuse of scholarly data. A diverse set of stakeholders—representing academia, industry, funding agencies, and scholarly publishers—have come together to design and jointly endorse a concise and measureable set of principles that we refer to as the FAIR Data Principles. The intent is that these may act as a guideline for those wishing to enhance the reusability of their data holdings. Distinct from peer initiatives that focus on the human scholar, the FAIR Principles put specific emphasis on enhancing the ability of machines to automatically find and use the data, in addition to supporting its reuse by individuals. This Comment is the first formal publication of the FAIR Principles, and includes the rationale behind them, and some exemplar implementations in the community.},
  issue = {1},
  langid = {english},
  keywords = {humanites,Publication characteristics,Research data},
  file = {C\:\\Users\\cohum\\Zotero\\storage\\N43MYDVU\\Wilkinson et al. - 2016 - The FAIR Guiding Principles for scientific data ma.pdf;C\:\\Users\\cohum\\Zotero\\storage\\YU6G7ZQX\\sdata201618.html}
}

@misc{wissikTeachingDigitalHumanities2020a,
  title = {Teaching {{Digital Humanities Around}} the {{World}}: {{An Infrastructural Approach}} to a {{Community-Driven DH Course Registry}}},
  shorttitle = {Teaching {{Digital Humanities Around}} the {{World}}},
  author = {Wissik, Tanja and Edmond, Jennifer and Fischer, Frank and de Jong, Franciska and Scagliola, Stefania and Scharnhorst, Andrea and Schmeer, Hendrik and Scholger, Walter and Wessels, Leon},
  options = {useprefix=true},
  date = {2020-03},
  url = {https://hal.archives-ouvertes.fr/hal-02500871},
  urldate = {2022-08-17},
  abstract = {The digital humanities (DH) enrich the traditional fields of the humanities with new practices, approaches and methods. Since the turn of the millennium, the necessary skills to realise these new possibilities have been taught in summer schools, workshops and other alternative formats. In the meantime, a growing number of Bachelor's and Master's programmes in digital humanities have been launched worldwide. The DH Course Registry, which is the focus of this article, was created to provide an overview of the growing range of courses on offer worldwide. Its mission is to gather the rich offerings of different courses and to provide an up-to-date picture of the teaching and training opportunities in the field of DH. The article provides a general introduction to this emerging area of research and introduces the two European infrastructures CLARIN and DARIAH, which jointly operate the DH Course Registry. A short history of the Registry is accompanied by a description of the data model and the data curation workflow. Current data, available through the API of the Registry, is evaluated to quantitatively map the international landscape of DH teaching. Preprint of a publication for LibraryTribune (China) (accepted)},
  keywords = {Digital Humanities,Education,humanites,Registry,Research Infrastructure,Teaching},
  file = {C\:\\Users\\cohum\\Zotero\\storage\\EJLKX9MQ\\Wissik et al. - 2020 - Teaching Digital Humanities Around the World An I.pdf}
}


