
@inproceedings{abadieBenchmarkNamedEntity2022,
  title = {A {{Benchmark}} of {{Named Entity Recognition Approaches}} in {{Historical Documents Application}} to 19th {{Century French Directories}}},
  booktitle = {Document {{Analysis Systems}}. {{DAS}} 2022.},
  author = {Abadie, N. and Carlinet, E. and Chazalon, J. and Duménieu, B.},
  editor = {Uchida, S. and Barney, E. and Eglin, V.},
  date = {2022-05},
  series = {Document {{Analysis Systems}}. {{DAS}} 2022.},
  number = {13237},
  publisher = {{Springer, Cham}},
  location = {{La Rochelle, France}},
  doi = {10.1007/978-3-031-06555-2_30},
  url = {https://hal.archives-ouvertes.fr/hal-03698609},
  urldate = {2022-09-08},
  abstract = {Named entity recognition (NER) is a necessary step in many pipelines targeting historical documents. Indeed, such natural language processing techniques identify which class each text token belongs to, e.g. "person name", "location", "number". Introducing a new public dataset built from 19th century French directories, we first assess how noisy modern, off-the-shelf OCR are. Then, we compare modern CNNand Transformer-based NER techniques which can be reasonably used in the context of historical document analysis. We measure their requirements in terms of training data, the effects of OCR noise on their performance, and show how Transformer-based NER can benefit from unsupervised pre-training and supervised fine-tuning on noisy data. Results can be reproduced using resources available at https://github.com/ soduco/paper-ner-bench-das22.},
  keywords = {Annotation cost,Historical documents,Named Entity Recognition,Natural Language Processing,ner,OCR noise},
  file = {C\:\\Users\\cohum\\Zotero\\storage\\H28QSG5B\\Abadie et al. - 2022 - A Benchmark of Named Entity Recognition Approaches.pdf}
}

@article{alshammariImpactUsingDifferent2021,
  title = {The Impact of Using Different Annotation Schemes on Named Entity Recognition},
  author = {Alshammari, Nasser and Alanazi, Saad},
  date = {2021-09-01},
  journaltitle = {Egyptian Informatics Journal},
  shortjournal = {Egyptian Informatics Journal},
  volume = {22},
  number = {3},
  pages = {295--302},
  issn = {1110-8665},
  doi = {10.1016/j.eij.2020.10.004},
  url = {https://www.sciencedirect.com/science/article/pii/S1110866520301596},
  urldate = {2022-09-08},
  abstract = {Named entity recognition (NER) is a subfield of information extraction, which aims to detect and classify predefined named entities (e.g., people, locations, organizations, etc.) in a body of text. In the literature, many researchers have studied the application of different machine learning models and features to NER. However, few research efforts have been devoted to studying annotation schemes used to label multi-token named entities. In this research, we studied seven annotation schemes (IO, IOB, IOE, IOBES, BI, IE, and BIES) and their impact on the task of NER using five different classifiers. Our experiment was conducted on an in–house dataset that consists of 27 medical Arabic articles with more than 62,000 tokens. The IO annotation scheme outperformed other schemes with an F-measure score of 84.44\%. The closest competitor is the BIES scheme, which scored 72.78\%. The rest of the schemes’ scores ranged from 60.38\% to 69.18\%. Although the IO scheme achieved the best results, comparing it to the other schemes is not reasonable because it cannot identify consecutive entities, which the other schemes can do. Therefore, we also investigated the ability of recognizing consecutive entities and provided an analysis of the running-time complexity.},
  langid = {english},
  keywords = {Annotation schemes,Named entity recognition,Natural language processing,ner,Segment representation},
  file = {C\:\\Users\\cohum\\Zotero\\storage\\FPZEGV6G\\Alshammari et Alanazi - 2021 - The impact of using different annotation schemes o.pdf;C\:\\Users\\cohum\\Zotero\\storage\\QTBNHVUD\\S1110866520301596.html}
}

@inproceedings{borosAlleviatingDigitizationErrors2020,
  title = {Alleviating {{Digitization Errors}} in {{Named Entity Recognition}} for {{Historical Documents}}},
  booktitle = {Proceedings of the 24th {{Conference}} on {{Computational Natural Language Learning}}},
  author = {Boros, Emanuela and Hamdi, Ahmed and Linhares Pontes, Elvys and Cabrera-Diego, Luis Adrián and Moreno, Jose G. and Sidere, Nicolas and Doucet, Antoine},
  date = {2020-11},
  pages = {431--441},
  publisher = {{Association for Computational Linguistics}},
  location = {{Online}},
  doi = {10.18653/v1/2020.conll-1.35},
  url = {https://aclanthology.org/2020.conll-1.35},
  urldate = {2022-08-24},
  abstract = {This paper tackles the task of named entity recognition (NER) applied to digitized historical texts obtained from processing digital images of newspapers using optical character recognition (OCR) techniques. We argue that the main challenge for this task is that the OCR process leads to misspellings and linguistic errors in the output text. Moreover, historical variations can be present in aged documents, which can impact the performance of the NER process. We conduct a comparative evaluation on two historical datasets in German and French against previous state-of-the-art models, and we propose a model based on a hierarchical stack of Transformers to approach the NER task for historical data. Our findings show that the proposed model clearly improves the results on both historical datasets, and does not degrade the results for modern datasets.},
  eventtitle = {{{CoNLL}} 2020},
  keywords = {ner},
  file = {C\:\\Users\\cohum\\Zotero\\storage\\C55TZ9F5\\Boros et al. - 2020 - Alleviating Digitization Errors in Named Entity Re.pdf}
}

@inproceedings{bunescuUsingEncyclopedicKnowledge2006,
  title = {Using {{Encyclopedic Knowledge}} for {{Named}} Entity {{Disambiguation}}},
  booktitle = {11th {{Conference}} of the {{European Chapter}} of the {{Association}} for {{Computational Linguistics}}},
  author = {Bunescu, Razvan and Paşca, Marius},
  date = {2006-04},
  pages = {9--16},
  publisher = {{Association for Computational Linguistics}},
  location = {{Trento, Italy}},
  url = {https://aclanthology.org/E06-1002},
  urldate = {2022-09-09},
  eventtitle = {{{EACL}} 2006},
  keywords = {ner},
  file = {C\:\\Users\\cohum\\Zotero\\storage\\5ZIUV5V4\\Bunescu et Paşca - 2006 - Using Encyclopedic Knowledge for Named entity Disa.pdf}
}

@misc{carbonellNeuralModelText2020,
  title = {A {{Neural Model}} for {{Text Localization}}, {{Transcription}} and {{Named Entity Recognition}} in {{Full Pages}}},
  author = {Carbonell, Manuel and Fornés, Alicia and Villegas, Mauricio and Lladós, Josep},
  date = {2020-05-04},
  number = {arXiv:1912.10016},
  eprint = {1912.10016},
  eprinttype = {arxiv},
  primaryclass = {cs},
  publisher = {{arXiv}},
  url = {http://arxiv.org/abs/1912.10016},
  urldate = {2022-08-26},
  abstract = {In the last years, the consolidation of deep neural network architectures for information extraction in document images has brought big improvements in the performance of each of the tasks involved in this process, consisting of text localization, transcription, and named entity recognition. However, this process is traditionally performed with separate methods for each task. In this work we propose an end-to-end model that combines a one stage object detection network with branches for the recognition of text and named entities respectively in a way that shared features can be learned simultaneously from the training error of each of the tasks. By doing so the model jointly performs handwritten text detection, transcription, and named entity recognition at page level with a single feed forward step. We exhaustively evaluate our approach on different datasets, discussing its advantages and limitations compared to sequential approaches. The results show that the model is capable of benefiting from shared features for simultaneously solving interdependent tasks.},
  archiveprefix = {arXiv},
  keywords = {Computer Science - Computer Vision and Pattern Recognition,ner},
  file = {C\:\\Users\\cohum\\Zotero\\storage\\VALB7LMC\\Carbonell et al. - 2020 - A Neural Model for Text Localization, Transcriptio.pdf;C\:\\Users\\cohum\\Zotero\\storage\\VFZG8KHG\\1912.html}
}

@inproceedings{clavaudNER4ArchivesNamedEntity2022,
  title = {{{NER4Archives}} (Named Entity Recognition for Archives) : {{Conception}} et Réalisation d'un Outil de Détection, de Classification et de Résolution Des Entités Nommées Dans Les Instruments de Recherche Archivistiques Encodés En {{XML}}/{{EAD}}.},
  shorttitle = {{{NER4Archives}} (Named Entity Recognition for Archives)},
  booktitle = {Atelier {{Culture-INRIA}}},
  author = {Clavaud, Florence and Romary, Laurent and Charbonnier, Pauline and Terriel, Lucas and Piraino, Gaetano and Verdese, Vincent},
  date = {2022-03},
  publisher = {{Ministère de la Culture and Inria and Archives nationales}},
  location = {{Pierrefitte sur Seine, France}},
  url = {https://hal.archives-ouvertes.fr/hal-03625734},
  urldate = {2022-08-17},
  keywords = {Archives,Archives nationales,Instruments de recherche,Named entity linking,Named entity recognition,ner,Reconnaissance et extraction des entités nommées,Traitement automatique du langage,Web sémantique,XML EAD,XML EAD findings aids},
  file = {C\:\\Users\\cohum\\Zotero\\storage\\J5CWEGAZ\\Clavaud et al. - 2022 - NER4Archives (named entity recognition for archive.pdf}
}

@thesis{ehrmannEntiteesNommeesLinguistique2008,
  type = {thèses d'informatique et langage},
  title = {Les {{Entitées Nommées}}, de La Linguistique Au {{TAL}} : {{Statut}} Théorique et Méthodes de Désambiguïsation},
  shorttitle = {Les {{Entitées Nommées}}, de La Linguistique Au {{TAL}}},
  author = {Ehrmann, Maud},
  date = {2008-06},
  institution = {{Paris Diderot University}},
  url = {https://hal.archives-ouvertes.fr/tel-01639190},
  urldate = {2022-09-06},
  keywords = {définition des entités nommées,désambiguation d'entités nommées,entités nommées,extraction d'information,information extraction,named entity,named entity definition,named entity disambiguation,ner,noms propres,proper names},
  file = {C\:\\Users\\cohum\\Zotero\\storage\\4G2TA3WI\\Ehrmann - 2008 - Les Entitées Nommées, de la linguistique au TAL  .pdf}
}

@misc{ehrmannNamedEntityRecognition2021,
  title = {Named {{Entity Recognition}} and {{Classification}} on {{Historical Documents}}: {{A Survey}}},
  shorttitle = {Named {{Entity Recognition}} and {{Classification}} on {{Historical Documents}}},
  author = {Ehrmann, Maud and Hamdi, Ahmed and Pontes, Elvys Linhares and Romanello, Matteo and Doucet, Antoine},
  date = {2021-09-23},
  number = {arXiv:2109.11406},
  eprint = {2109.11406},
  eprinttype = {arxiv},
  primaryclass = {cs},
  publisher = {{arXiv}},
  url = {http://arxiv.org/abs/2109.11406},
  urldate = {2022-09-08},
  abstract = {After decades of massive digitisation, an unprecedented amount of historical documents is available in digital format, along with their machine-readable texts. While this represents a major step forward with respect to preservation and accessibility, it also opens up new opportunities in terms of content mining and the next fundamental challenge is to develop appropriate technologies to efficiently search, retrieve and explore information from this 'big data of the past'. Among semantic indexing opportunities, the recognition and classification of named entities are in great demand among humanities scholars. Yet, named entity recognition (NER) systems are heavily challenged with diverse, historical and noisy inputs. In this survey, we present the array of challenges posed by historical documents to NER, inventory existing resources, describe the main approaches deployed so far, and identify key priorities for future developments.},
  archiveprefix = {arXiv},
  keywords = {A.1,Computer Science - Computation and Language,Computer Science - Machine Learning,I.2.7,ner}
}

@inproceedings{grouinSimplificationSchemasAnnotation2018,
  title = {Simplification de Schémas d'annotation : Un Aller sans Retour ?},
  shorttitle = {Simplification de Schémas d'annotation},
  booktitle = {Actes de {{TALN}}},
  author = {Grouin, Cyril},
  date = {2018-05},
  location = {{Rennes, France}},
  url = {https://hal.archives-ouvertes.fr/hal-01831221},
  urldate = {2022-09-08},
  abstract = {Dans cet article, nous comparons l'impact de la simplification d'un schéma d'annotation sur un système de repérage d'entités nommées (REN). Une simplification consiste à rassembler les types d'entités nommées (EN) sous deux types génériques (personne et lieu), l'autre revient à mieux définir chaque type d'EN. Nous observons une amélioration des résultats sur les deux versions simplifiées. Nous étudions également la possibilité de retrouver le niveau de détail des types d'EN du schéma d'origine à partir des versions simplifiées. L'utilisation de règles de conversion permet de recouvrer les types d'EN d'origine, mais il reste une forme d'ambiguïté contextuelle qu'il est impossible de lever au moyen de règles. ABSTRACT Annotation scheme simplification : a one way trip with no return ? In this paper, we study the impact of annotation scheme simplification on named entity recognition (NER) performances. One simplification consists in merging all named entity (NE) types into two main types (person and location), while the other simplification relies on a better definition of all NE types. We achieved better results on the two simplified versions of the annotation scheme. We also study the ability to recover the original NE types from the simplified versions. The use of post-processing rules allows to recover a few original NE types. Nevertheless, we faced with a kind of contextual ambiguity which seems hard to process using rules.},
  keywords = {Entités nommées,ner,schéma d'annotation,simplification},
  file = {C\:\\Users\\cohum\\Zotero\\storage\\7V34VXBV\\Grouin - 2018 - Simplification de schémas d'annotation  un aller .pdf}
}

@article{hengchenExtractionEntitesNommees2015,
  title = {L’extraction d’entités nommées~: une opportunité pour le secteur culturel~?},
  shorttitle = {L’extraction d’entités nommées},
  author = {Hengchen, Simon and van Hooland, Seth and Verborgh, Ruben and De Wilde, Max},
  options = {useprefix=true},
  date = {2015},
  journaltitle = {I2D - Information, données \& documents},
  shortjournal = {I2D - Information, données \& documents},
  volume = {52},
  number = {2},
  pages = {70--79},
  publisher = {{A.D.B.S.}},
  location = {{Paris}},
  issn = {2428-2111},
  doi = {10.3917/i2d.152.0070},
  url = {https://www.cairn.info/revue-i2d-information-donnees-et-documents-2015-2-page-70.htm},
  urldate = {2022-09-06},
  abstract = {[étude] Les champs de métadonnées non structurés tels que «~description~» offrent une plus-value considérable à la compréhension pour les utilisateurs finals. Néanmoins, leur caractère non structuré les rend peu exploitables dans un contexte électronique et d’automatisation. Cet article explore les possibilités et les limitations de la reconnaissance d’entités nommées («~Named-Entity Recognition~», NER) et de l’extraction terminologique («~Term Extraction~», TE) dans la prospection de données non structurées afin d’en extraire des concepts significatifs. Ces concepts permettent de tirer parti d’une recherche et d’une navigation améliorées, mais peuvent également jouer un rôle très important dans la recherche en humanités numériques. À travers une étude de cas basée sur les champs de description des archives historiques de la ville de Québec, les auteurs, Simon HENGCHEN, Seth van HOOLAND, Ruben VERBORGH et Max DE WILDE, proposent une évaluation de quatre services tiers d’extraction d’entités afin de promouvoir l’expérimentation de la reconnaissance d’entités nommées et l’extraction terminologique. Dans le but de couvrir autant le NER que la TE, ils utilisent, pour l’évaluation des entités nommées, une approche quantitative basée sur la précision, le rappel et le F-score calculés sur la base d’un référent manuel («~gold standard corpus~»). Une seconde approche, plus qualitative, permet ensuite de prendre en compte la pertinence des termes extraits et aborde la question du multilinguisme.},
  langid = {french},
  keywords = {ner},
  file = {C\:\\Users\\cohum\\Zotero\\storage\\SZGEN8XE\\revue-i2d-information-donnees-et-documents-2015-2-page-70.html}
}

@inproceedings{jiangExploitingDomainStructure2006,
  title = {Exploiting Domain Structure for Named Entity Recognition},
  booktitle = {Proceedings of the Main Conference on {{Human Language Technology Conference}} of the {{North American Chapter}} of the {{Association}} of {{Computational Linguistics}}  -},
  author = {Jiang, Jing and Zhai, ChengXiang},
  date = {2006},
  pages = {74--81},
  publisher = {{Association for Computational Linguistics}},
  location = {{New York, New York}},
  doi = {10.3115/1220835.1220845},
  url = {http://portal.acm.org/citation.cfm?doid=1220835.1220845},
  urldate = {2022-07-04},
  abstract = {Named Entity Recognition (NER) is a fundamental task in text mining and natural language understanding. Current approaches to NER (mostly based on supervised learning) perform well on domains similar to the training domain, but they tend to adapt poorly to slightly different domains. We present several strategies for exploiting the domain structure in the training data to learn a more robust named entity recognizer that can perform well on a new domain. First, we propose a simple yet effective way to automatically rank features based on their generalizabilities across domains. We then train a classifier with strong emphasis on the most generalizable features. This emphasis is imposed by putting a rank-based prior on a logistic regression model. We further propose a domain-aware cross validation strategy to help choose an appropriate parameter for the rank-based prior. We evaluated the proposed method with a task of recognizing named entities (genes) in biology text involving three species. The experiment results show that the new domainaware approach outperforms a state-ofthe-art baseline method in adapting to new domains, especially when there is a great difference between the new domain and the training domain.},
  eventtitle = {The Main Conference},
  langid = {english},
  keywords = {ner},
  file = {C\:\\Users\\cohum\\Zotero\\storage\\TNFVB2HB\\Jiang et Zhai - 2006 - Exploiting domain structure for named entity recog.pdf}
}

@article{labuschBERTNamedEntity,
  title = {{{BERT}} for {{Named Entity Recognition}} in {{Contemporary}} and {{Historical German}}},
  author = {Labusch, Kai and Neudecker, Clemens and Zellhofer, David},
  pages = {9},
  abstract = {We apply a pre-trained transformer based representational language model, i.e. BERT (Devlin et al., 2018), to named entity recognition (NER) in contemporary and historical German text and observe state of the art performance for both text categories. We further improve the recognition performance for historical German by unsupervised pre-training on a large corpus of historical German texts of the Berlin State Library and show that best performance for historical German is obtained by unsupervised pre-training on historical German plus supervised pre-training with contemporary NER ground-truth.},
  langid = {english},
  keywords = {ner},
  file = {C\:\\Users\\cohum\\Zotero\\storage\\WW4DQJJC\\Labusch et al. - BERT for Named Entity Recognition in Contemporary .pdf}
}

@software{lassnerStandoffconverter2021,
  title = {Standoffconverter},
  author = {Lassner, David},
  date = {2021},
  origdate = {2019-06-28T14:15:01Z},
  url = {https://github.com/standoff-nlp/standoffconverter},
  urldate = {2022-09-10},
  organization = {{standoff-nlp}},
  keywords = {ner}
}

@online{lemmensCoNLL2022CoNLL2022,
  title = {{{CoNLL}} 2022 | {{CoNLL}}},
  author = {Lemmens, Jens},
  date = {2022},
  url = {https://conll.org/},
  urldate = {2022-08-28},
  organization = {{CoNLL}},
  keywords = {ner},
  file = {C\:\\Users\\cohum\\Zotero\\storage\\36K6JWUQ\\conll.org.html}
}

@misc{liSurveyDeepLearning2020,
  title = {A {{Survey}} on {{Deep Learning}} for {{Named Entity Recognition}}},
  author = {Li, Jing and Sun, Aixin and Han, Jianglei and Li, Chenliang},
  date = {2020-03-18},
  number = {arXiv:1812.09449},
  eprint = {1812.09449},
  eprinttype = {arxiv},
  primaryclass = {cs},
  publisher = {{arXiv}},
  url = {https://arxiv.org/abs/1812.09449},
  urldate = {2022-09-07},
  abstract = {Named entity recognition (NER) is the task to identify mentions of rigid designators from text belonging to predefined semantic types such as person, location, organization etc. NER always serves as the foundation for many natural language applications such as question answering, text summarization, and machine translation. Early NER systems got a huge success in achieving good performance with the cost of human engineering in designing domain-specific features and rules. In recent years, deep learning, empowered by continuous real-valued vector representations and semantic composition through nonlinear processing, has been employed in NER systems, yielding stat-of-the-art performance. In this paper, we provide a comprehensive review on existing deep learning techniques for NER. We first introduce NER resources, including tagged NER corpora and off-the-shelf NER tools. Then, we systematically categorize existing works based on a taxonomy along three axes: distributed representations for input, context encoder, and tag decoder. Next, we survey the most representative methods for recent applied techniques of deep learning in new NER problem settings and applications. Finally, we present readers with the challenges faced by NER systems and outline future directions in this area.},
  archiveprefix = {arXiv},
  keywords = {Computer Science - Computation and Language,ner},
  file = {C\:\\Users\\cohum\\Zotero\\storage\\S54PGIS5\\Li et al. - 2020 - A Survey on Deep Learning for Named Entity Recogni.pdf;C\:\\Users\\cohum\\Zotero\\storage\\MNLXXYPL\\1812.html}
}

@inproceedings{morenoApprendreRepresentationsJointes2017,
  title = {Apprendre Des Représentations Jointes de Mots et d'entités Pour La Désambiguïsation d'entités},
  booktitle = {24ème {{Conférence}} Sur Le {{Traitement Automatique}} Des {{Langues Naturelles}} - {{TALN}} 2017},
  author = {Moreno, José G. and Besancon, Romaric and Beaumont, Romain and d' Hondt, Eva and Ligozat, Anne-Laure and Rosset, Sophie and Tannier, Xavier and Grau, Brigitte},
  options = {useprefix=true},
  date = {2017-01},
  publisher = {{ATALA}},
  location = {{Orléans, France}},
  url = {https://hal.archives-ouvertes.fr/hal-01626197},
  urldate = {2022-09-09},
  keywords = {Embeddings de mots et d'entités,Entity Linking,Extraction d'information,Information Extraction,Liaison d'entité,ner,Word and Entity Embeddings},
  annotation = {Backup Publisher: LLL (Laboratoire Ligérien de Linguistique) and LIFO (Laboratoire d'Informatique Fondamentale d'Orléans) and LI (Laboratoire Informatique) de Tours},
  file = {C\:\\Users\\cohum\\Zotero\\storage\\L8LZ8YEE\\Moreno et al. - 2017 - Apprendre des représentations jointes de mots et d.pdf}
}

@software{nakayamaDoccano2022,
  title = {Doccano},
  author = {Nakayama, Hiroki and Kubo, Takahiro and Kamura, Junya and Taniguch, Yasufumi and Liang, Xu},
  date = {2022-09-08T15:35:09Z},
  origdate = {2018-05-09T06:10:05Z},
  url = {https://github.com/doccano/doccano},
  urldate = {2022-09-08},
  abstract = {Open source annotation tool for machine learning practitioners.},
  organization = {{doccano}},
  version = {1.8.0},
  keywords = {annotation-tool,data-labeling,dataset,datasets,machine-learning,natural-language-processing,ner,nuxt,nuxtjs,python,text-annotation,vue,vuejs}
}

@thesis{nouvelReconnaissanceEntitesNommees2012,
  type = {These de doctorat},
  title = {Reconnaissance Des Entités Nommées Par Exploration de Règles d'annotation : Interpréter Les Marqueurs d'annotation Comme Instructions de Structuration Locale.},
  shorttitle = {Reconnaissance Des Entités Nommées Par Exploration de Règles d'annotation},
  author = {Nouvel, Damien},
  date = {2012-11-20},
  institution = {{Tours}},
  url = {http://www.theses.fr/2012TOUR4011},
  urldate = {2022-08-24},
  abstract = {Le développement des technologies de l'information et de la communication à modifié en profondeur la manière dont nous avons accès aux connaissances. Face à l’afflux de données et à leur diversité, il est nécessaire de meure su point des technologies performantes et robustes pour y rechercher des informations. Notre travail porte sur le reconnaissance des entités nommées et leur annotation su sein de transcriptions d’émissions radiodiffusées ou télévisuelles. En première partie, nous abordons le problématique de la reconnaissance automatique des entités nommées. Après une caractérisation de leur nature linguistique, nous proposons une approche par instructions, fondée sur les marqueurs (balises) d’annotation, qui considère ces éléments isolément (début ou fin d’une annotation). En seconde partie, nous faisons état des travaux en fouille de données et présentons un cadre formel pour explorer les données. Nous y proposons une formulation alternative par segments, qui limite la combinatoire lors de l’exploration. Les motifs corrélés à un ou plusieurs marqueurs d’annotation sont extraits comme règles d’annotation. La dernière partie décrit le cadre expérimental, quelques spécificités de l’implémentation du système (mXS) et les résultats obtenus. Nous montrons l’intérêt d’extraire largement les règles d’annotation et expérimentons les motifs de segments. Nous fournissons des résultats chiffrés relatifs aux performances du système à divers point de vue et dans diverses configurations. Ils montrent que l’approche que nous proposons est compétitive et qu’elle ouvre des perspectives dans le cadre de l’observation des langues naturelles et de l’annotation automatique.},
  editora = {Antoine, Jean-Yves and Friburger, Nathalie and Soulet, Arnaud},
  editoratype = {collaborator},
  keywords = {Annotation rules,Apprentissage automatique,Connecteurs (linguistique),Data mining,Entités nommées,Exploration de données,Gloses,Marqueurs discursifs,Named entities,Natural language processing,ner,Recherche de l'information,Règles d’annotation,Structures de données (informatique),Traitement automatique du langage naturel}
}

@inproceedings{perssonEffectExcludingOut2017,
  title = {The {{Effect}} of {{Excluding Out}} of {{Domain Training Data}} from {{Supervised Named-Entity Recognition}}},
  booktitle = {Proceedings of the 21st {{Nordic Conference}} on {{Computational Linguistics}}},
  author = {Persson, Adam},
  date = {2017-05},
  pages = {289--292},
  publisher = {{Association for Computational Linguistics}},
  location = {{Gothenburg, Sweden}},
  url = {https://aclanthology.org/W17-0240},
  urldate = {2022-09-09},
  keywords = {ner},
  file = {C\:\\Users\\cohum\\Zotero\\storage\\4SQ3XA3C\\Persson - 2017 - The Effect of Excluding Out of Domain Training Dat.pdf}
}

@article{rizzoNERDFrameworkUnifying,
  title = {{{NERD}}: {{A Framework}} for {{Unifying Named Entity Recognition}} and {{Disambiguation Extraction Tools}}},
  author = {Rizzo, Giuseppe and Troncy, Raphael},
  pages = {4},
  abstract = {Named Entity Extraction is a mature task in the NLP field that has yielded numerous services gaining popularity in the Semantic Web community for extracting knowledge from web documents. These services are generally organized as pipelines, using dedicated APIs and different taxonomy for extracting, classifying and disambiguating named entities. Integrating one of these services in a particular application requires to implement an appropriate driver. Furthermore, the results of these services are not comparable due to different formats. This prevents the comparison of the performance of these services as well as their possible combination. We address this problem by proposing NERD, a framework which unifies 10 popular named entity extractors available on the web, and the NERD ontology which provides a rich set of axioms aligning the taxonomies of these tools.},
  langid = {english},
  keywords = {ner},
  file = {C\:\\Users\\cohum\\Zotero\\storage\\3UHCDDZE\\Rizzo et Troncy - NERD A Framework for Unifying Named Entity Recogn.pdf}
}

@inproceedings{roderMboxCollectionDatasets2014,
  title = {N3 - {{A Collection}} of {{Datasets}} for {{Named Entity Recognition}} and {{Disambiguation}} in the {{NLP Interchange Format}}},
  booktitle = {Proceedings of the {{Ninth International Conference}} on {{Language Resources}} and {{Evaluation}} ({{LREC}}'14)},
  author = {Röder, Michael and Usbeck, Ricardo and Hellmann, Sebastian and Gerber, Daniel and Both, Andreas},
  date = {2014-05},
  pages = {3529--3533},
  publisher = {{European Language Resources Association (ELRA)}},
  location = {{Reykjavik, Iceland}},
  url = {http://www.lrec-conf.org/proceedings/lrec2014/pdf/856_Paper.pdf},
  urldate = {2022-07-06},
  abstract = {Extracting Linked Data following the Semantic Web principle from unstructured sources has become a key challenge for scientific research. Named Entity Recognition and Disambiguation are two basic operations in this extraction process. One step towards the realization of the Semantic Web vision and the development of highly accurate tools is the availability of data for validating the quality of processes for Named Entity Recognition and Disambiguation as well as for algorithm tuning. This article presents three novel, manually curated and annotated corpora (N3). All of them are based on a free license and stored in the NLP Interchange Format to leverage the Linked Data character of our datasets.},
  eventtitle = {{{LREC}} 2014},
  keywords = {ner},
  file = {C\:\\Users\\cohum\\Zotero\\storage\\4M742R4P\\Röder et al. - 2014 - Nmbox$^3$ - A Collection of Datasets for Named En.pdf}
}

@misc{sangIntroductionCoNLL2003Shared2003,
  title = {Introduction to the {{CoNLL-2003 Shared Task}}: {{Language-Independent Named Entity Recognition}}},
  shorttitle = {Introduction to the {{CoNLL-2003 Shared Task}}},
  author = {Sang, Erik F. Tjong Kim and De Meulder, Fien},
  date = {2003-06-12},
  number = {arXiv:cs/0306050},
  eprint = {cs/0306050},
  eprinttype = {arxiv},
  publisher = {{arXiv}},
  url = {http://arxiv.org/abs/cs/0306050},
  urldate = {2022-09-09},
  abstract = {We describe the CoNLL-2003 shared task: language-independent named entity recognition. We give background information on the data sets (English and German) and the evaluation method, present a general overview of the systems that have taken part in the task and discuss their performance.},
  archiveprefix = {arXiv},
  keywords = {Computer Science - Computation and Language,I.2.7,ner},
  file = {C\:\\Users\\cohum\\Zotero\\storage\\ZXMP6LIK\\Sang et De Meulder - 2003 - Introduction to the CoNLL-2003 Shared Task Langua.pdf;C\:\\Users\\cohum\\Zotero\\storage\\C9ZQAXNB\\0306050.html}
}

@thesis{scheithauerReconnaissanceEntitesNommees2021,
  type = {mémoire de master "Technologies numériques appliquées à l'histoire",  dir. Alix Chagué et Thibault Clérice},
  title = {La Reconnaissance d’entités Nommées Appliquées à Des Données Issues de La Transcription Automatique de Documents Manuscrits Patrimoniaux. {{Expérimentations}} et Préconisations à Partir Du Projet {{LECTAUREP}}},
  author = {Scheithauer, Hugo},
  date = {2021},
  institution = {{École nationale des chartes}},
  location = {{Paris}},
  url = {https://github.com/HugoSchtr/memoire_TNAH_M2_HugoScheithauer},
  keywords = {ner}
}

@inproceedings{soudaniAdaptationEvaluationSystemes2018,
  title = {Adaptation et Évaluation de Systèmes de Reconnaissance et de Résolution Des Entités Nommées Pour Le Cas de Textes Littéraires Français Du 19ème\hspace{0pt} \hspace{0pt} Siècle},
  booktitle = {Atelier {{Humanités Numériques Spatialisées}} ({{HumaNS}}'2018)},
  author = {Soudani, Aicha and Meherzi, Yosra and Bouhafs, Asma and Frontini, Francesca and Brando, Carmen and Dupont, Yoann and Mélanie-Becquet, Frédérique},
  date = {2018-11},
  location = {{Montpellier, France}},
  url = {https://hal.archives-ouvertes.fr/hal-01925816},
  urldate = {2022-09-06},
  keywords = {cartographie,cartography,entity recognition,named entity linking,ner,reconnaissance des entités nommées,résolution des entités nommées},
  file = {C\:\\Users\\cohum\\Zotero\\storage\\HNXPUHAV\\Soudani et al. - 2018 - Adaptation et évaluation de systèmes de reconnaiss.pdf}
}

@article{suarezEstablishingNewStateoftheArt,
  title = {Establishing a {{New State-of-the-Art}} for {{French Named Entity Recognition}}},
  author = {Suárez, Pedro Javier Ortiz and Dupont, Yoann and Muller, Benjamin and Romary, Laurent and Sagot, Benoît},
  pages = {9},
  abstract = {The French TreeBank developed at the University Paris 7 is the main source of morphosyntactic and syntactic annotations for French. However, it does not include explicit information related to named entities, which are among the most useful information for several natural language processing tasks and applications. Moreover, no large-scale French corpus with named entity annotations contain referential information, which complement the type and the span of each mention with an indication of the entity it refers to. We have manually annotated the French TreeBank with such information, after an automatic pre-annotation step. We sketch the underlying annotation guidelines and we provide a few figures about the resulting annotations.},
  langid = {english},
  keywords = {ner},
  file = {C\:\\Users\\cohum\\Zotero\\storage\\A6GBK82X\\Suárez et al. - Establishing a New State-of-the-Art for French Nam.pdf}
}

@article{torresaguilarReconnaissanceEntitesNommees2017,
  title = {La reconnaissance des entités nommées dans les bases numériques de chartes médiévales en latin : le cas du Corpus Burgundiae Medii Aevi (xe-xiiie siècle)},
  shorttitle = {La reconnaissance des entités nommées dans les bases numériques de chartes médiévales en latin},
  author = {Torres Aguilar, Sergio},
  date = {2017-12-15},
  journaltitle = {Médiévales. Langues, Textes, Histoire},
  volume = {73},
  number = {73},
  pages = {47--65},
  publisher = {{Presses universitaires de Vincennes}},
  issn = {0751-2708},
  doi = {10.4000/medievales.8182},
  url = {https://journals.openedition.org/medievales/8182?lang=en},
  urldate = {2022-09-06},
  abstract = {La disponibilité d’une quantité phénoménale de manuscrits médiévaux numérisés nous oblige à chercher des méthodes efficaces pour en réaliser une exploitation à grande échelle. Mais ce travail ne peut être réalisé que dans des bases de données structurées où les propriétés textuelles ont été explicitées et formalisées. Une telle structuration, lorsqu’elle est effectuée à la main, est coûteuse en termes de temps et d’effort, ce qui a conduit à chercher des manières de l’automatiser. Nous en présentons ici un exemple~: la création d’un modèle de reconnaissance des entités nommées, qui sont un agent structurant primaire, puisque y sont identifiés tous les sujets et objets qui adoptent des noms spécifiques. Nous détaillons la création et la mise en œuvre du modèle créé à partir des chartes de Bourgogne (Corpus Burgundiae Medii Aevi), produites entre le xe et le xiiie~siècle ainsi que diverses expériences de validation pour en tester la robustesse sur un large éventail de sources, tout en soumettant les résultats à une discussion qui tente d’exposer les divers avantages et défis qu’offre un corpus de manuscrits médiévaux pour ce type de technique.},
  isbn = {9782842928018},
  issue = {73},
  langid = {french},
  keywords = {bases de données,chartes,Corpus Burgundiae Medii Aevi,humanités numériques,latin,ner,reconnaissance des entités nommées},
  file = {C\:\\Users\\cohum\\Zotero\\storage\\42HLQI27\\Torres Aguilar - 2017 - La reconnaissance des entités nommées dans les bas.pdf}
}

@preamble{ "\ifdefined\DeclarePrefChars\DeclarePrefChars{'’-}\else\fi " }

